@techreport{IRENA_REmap,
  title={Renewable Energy Prospects for the European Union},
  author={{International Renewable Energy Agency}},
  year={2018},
  ISBN={978-92-9260-007-5},
  month={February}
}

@misc{ENTSO-E,
  title={Ten-Year Network Development Plan (TYNDP) 2020},
  author={{ENTSO-E}},
  year={2021, accessed on 15 May 2021},
  howpublished = "\url{https://eepublicdownloads.blob.core.windows.net/public-cdn-container/tyndp-documents/TYNDP2020/Foropinion/TYNDP2020_Main_Report.pdf}"
}


@techreport{AES_grid,
  title={Scénarios Pour l’approvisionnement
électrique Du Futur. Rapport Global},
  author={{Association des entreprises électriques suisses (AES)}},
  year={2012}
}

@misc{ELIA_2050,
  title={Electricity scenarios for Belgium towards 2050},
  author={ELIA},
  year={2017, accessed on 15 May 2021},
  howpublished = "\url{https://www.elia.be/-/media/project/elia/elia-site/electricity-market-and-system---document-library/adequacy---studies/2017/20171114_electricity-scenarios-for-belgium-towards-2050.pdf}"
}

@article{NRC_vehicles,
  title={Transitions to alternative vehicles and fuels},
  author={{National Research Council}},
  journal={National Academies
Press},
  year={2013}
}

@misc{plexos,
  title={Plexos},
  author={University College Cork},
  year={[visited on 07/17/ 2018]},
  howpublished = "\url{https://energyexemplar.com/}"
}

@techreport{itf_transport,
  title={Decarbonising Maritime Transport - Pathways to zero-carbon shipping},
  author={{OECD/ITF}},
  institution={OECD -  Organisation for Economic Co-operation and Development},
  address={Paris, France},
  year={2018}
}

@techreport{ash_transport,
  title={Sailing on solar - Could green ammonia decarbonise international shipping ?},
  author={Ash, Nick and Scarbrough, Tim},
  institution={Ricardo Energy & Environment},
  note={Environmental Defense Fund},
  address={London, United Kingdom},
  year={2019}
}

@article{valera2018ammonia,
  title={Ammonia for power},
  author={Valera-Medina, Agustin and Xiao, Hua and Owen-Jones, Martin and David, William IF and Bowen, PJ},
  journal={Progress in Energy and combustion science},
  volume={69},
  pages={63--102},
  year={2018},
  publisher={Elsevier}
}

@article{valera2021review,
  title={Review on ammonia as a potential fuel: from synthesis to economics},
  author={Valera-Medina, A and Amer-Hatem, F and Azad, AK and Dedoussi, IC and De Joannon, M and Fernandes, RX and Glarborg, P and Hashemi, H and He, X and Mashruk, S and others},
  journal={Energy \& Fuels},
  year={2021},
  publisher={ACS Publications}
}


@misc{BFP_solar,
  title={Towards 100\% Renewable Energy in Belgium by 2050},
  author={Devogelear, Danielle and Duerinck, Jan and Gusbin, Dominique and Marenne, Yves and Nijs, Wouter and Orsini, Marco and Pairon, Marie},
  year={2013, accessed on 10 May 2021},
  howpublished = "\url{https://energie.wallonie.be/servlet/Repository/130419-backcasting-finalreport.pdf?ID=28161}"
}

@misc{IEA_crisis,
  title={‘Six months to avert climate crisis’, warns IEA},
  author={Environment Analyst},
  year={2020},
  howpublished = "\url{https://environment-analyst.com/global/105747/six-months-to-avert-climate-crisis-warns-iea}"
}

@book{tremel2018electricity,
  title={Electricity-based fuels},
  author={Tremel, Alexander},
  volume={941},
  year={2018},
  publisher={Springer},
  address = {Berlin/Heidelberg, Germany}
}

@misc{carsharing,
  title={Roadmap to decarbonising European cars},
  author={{Transport \& Environment}},
  year={2018},
  howpublished = "\url{https://www.transportenvironment.org/sites/te/files/publications/2050_strategy_cars_FINAL.pdf}"
}

@misc{ADEME_carsharing,
  title={Enquête Nationale sur l’Autopartage – Edition 2016},
  author={{ADEME}},
  year={2017},
  howpublished = "\url{https://www.ademe.fr/sites/default/files/assets/documents/enquete-nationale-autopartage-ena1bis-2017-etats-lieux.pdf}"
}



@article{schemme2020h2,
  title={H2-based synthetic fuels: A techno-economic comparison of alcohol, ether and hydrocarbon production},
  author={Schemme, Steffen and Breuer, Janos Lucian and K{\"o}ller, Maximilian and Meschede, Sven and Walman, Fiona and Samsun, Remzi Can and Peters, Ralf and Stolten, Detlef},
  journal={International journal of hydrogen energy},
  volume={45},
  number={8},
  pages={5395--5414},
  year={2020},
  publisher={Elsevier}
}

@misc{ccsEurope,
  title={The potential for CCS and CCU in Europe},
  author={{The International Association of Oil and Gas Producers}},
  year={2019, accessed on 15 May 2021},
  howpublished = "\url{https://ec.europa.eu/info/sites/default/files/iogp_-_report_-_ccs_ccu.pdf}"
}

@article{prina2019transition,
  title={Transition pathways optimization methodology through EnergyPLAN software for long-term energy planning},
  author={Prina, Matteo Giacomo and Lionetti, Matteo and Manzolini, Giampaolo and Sparber, Wolfram and Moser, David},
  journal={Applied Energy},
  volume={235},
  pages={356--368},
  year={2019},
  publisher={Elsevier}
}

@article{howells2011osemosys,
  title={OSeMOSYS: the open source energy modeling system: an introduction to its ethos, structure and development},
  author={Howells, Mark and Rogner, Holger and Strachan, Neil and Heaps, Charles and Huntington, Hillard and Kypreos, Socrates and Hughes, Alison and Silveira, Semida and DeCarolis, Joe and Bazillian, Morgan and others},
  journal={Energy Policy},
  volume={39},
  number={10},
  pages={5850--5870},
  year={2011},
  publisher={Elsevier}
}


@article{dijk2013emergence,
  title={The emergence of an electric mobility trajectory},
  author={Dijk, Marc and Orsato, Renato J and Kemp, Ren{\'e}},
  journal={Energy Policy},
  volume={52},
  pages={135--145},
  year={2013},
  publisher={Elsevier}
}

@article{lieven2015policy,
  title={Policy measures to promote electric mobility--A global perspective},
  author={Lieven, Theo},
  journal={Transportation Research Part A: Policy and Practice},
  volume={82},
  pages={78--93},
  year={2015},
  publisher={Elsevier}
}


@article{sathaye2004bottom,
  title={Bottom-up energy modeling},
  author={Sathaye, Jayant and Sanstad, Alan H},
  journal={Encyclopedia of Energy},
  volume={1},
  year={2004},
  pages = {251--264},
}

@article{welkenhuysen2011co2,
  title={CO2 storage opportunities in Belgium},
  author={Welkenhuysen, Kris and Piessens, Kris and Baele, Jean-Marc and Laenen, Ben and Dusar, Michiel},
  journal={Energy Procedia},
  volume={4},
  pages={4913--4920},
  year={2011},
  publisher={Elsevier}
}

@incollection{li2019renewables,
  title={Are renewables really that expensive? The impact of uncertainty on the cost of the energy transition},
  author={Li, Xiang and Moret, Stefano and Baldi, Francesco and Mar{\'e}chal, Fran{\c{c}}ois},
  booktitle={Computer Aided Chemical Engineering},
  volume={46},
  pages={1753--1758},
  year={2019},
  address = {Amsterdam, The Netherlands},
  publisher={Elsevier}
}

@article{syri2008global,
  title={Global energy and emissions scenarios for effective climate change mitigation—Deterministic and stochastic scenarios with the TIAM model},
  author={Syri, Sanna and Lehtil{\"a}, Antti and Ekholm, Tommi and Savolainen, Ilkka and Holttinen, Hannele and Peltola, Esa},
  journal={International Journal of Greenhouse Gas Control},
  volume={2},
  number={2},
  pages={274--285},
  year={2008},
  publisher={Elsevier}
}

@inproceedings{collaECOS2021,
  title={Optimal use of lignocellulosic biomass for the energy transition, including the non-energy demand: the case of the Belgian energy system},
  author={Colla, Martin and Blondeau, Julien and Jeanmart, Herv{\'e}},
  booktitle={Accepted for publication in the proceedings of ECOS2021 - The 34th International Conference},
  address = {Taormina, Italy},
  year={June 2021}
}

@phdthesis{ridjan2015integrated,
author = {Ridjan, Iva},
school = {{Department of Development and Planning, Aalborg University}},
title = {{Integrated electrofuels and renewable energy systems}},
year = {2015},
url = {https://vbn.aau.dk/ws/portalfiles/portal/316403843/Ridjan_Integrated_electrofuels_and_renewable_energy_systems_PhD_2015.pdf}
}

@misc{h2coalition,
  title={Shipping sun and wind to Belgium is key in climate neutral economy},
  author={{Hydrogen Import Coalition}},
  year={2021, accessed on 27 February 2021},
  howpublished = "\url{https://www.portofantwerp.com/sites/default/files/Hydrogen\%20Import\%20Coalition.pdf}"
}

@techreport{capros2016eu,
  title={EU Reference Scenario 2016-Energy, transport and GHG emissions Trends to 2050.},
  author={Capros, Pantelis and De Vita, A and Tasios, N and Siskos, P and Kannavou, M and Petropoulos, A and Evangelopoulou, S and Zampara, M and Papadopoulos, D and Nakos, Ch and others},
  institution={European Commission},
  year={2016},
  howpublished = "\url{http://pure.iiasa.ac.at/id/eprint/13656/1/REF2016_report_FINAL-web.pdf}"
}

@article{prina2020classification,
  title={Classification and challenges of bottom-up energy system models-A review},
  author={Prina, Matteo Giacomo and Manzolini, Giampaolo and Moser, David and Nastasi, Benedetto and Sparber, Wolfram},
  journal={Renewable and Sustainable Energy Reviews},
  volume={129},
  pages={109917},
  year={2020},
  publisher={Elsevier}
}

@phdthesis{StefanoMoretPhDThesis,
author = {Moret, Stefano},
doi = {10.5075/EPFL-THESIS-7961},
school = {EPFL},
title = {{Strategic energy planning under uncertainty}},
year = {2017},
address = {Lausanne, Switzerland},
url = {https://infoscience.epfl.ch/record/231814? ln=fr}
}

@book{stocker2014climate,
  title={Climate change 2013: the physical science basis: Working Group I contribution to the Fifth assessment report of the Intergovernmental Panel on Climate Change},
  author={Stocker, Thomas},
  year={2014},
  publisher={Cambridge university press}
}

@article{horvath2018techno,
  title={Techno-economic analysis of a decarbonized shipping sector: Technology suggestions for a fleet in 2030 and 2040},
  author={Horvath, Stephen and Fasihi, Mahdi and Breyer, Christian},
  journal={Energy Conversion and Management},
  volume={164},
  pages={230--241},
  year={2018},
  publisher={Elsevier}
}

@article{child2018role,
  title={The role of storage technologies for the transition to a 100\% renewable energy system in Europe},
  author={Child, Michael and Bogdanov, Dmitrii and Breyer, Christian},
  journal={Energy Procedia},
  volume={155},
  pages={44--60},
  year={2018},
  publisher={Elsevier}
}

@inproceedings{limpensECOS2021,
  title={System LCOE: applying a whole-energy system model to estimate the integration costs of photovoltaic},
  author={Limpens, Gauthier and Jeanmart, Herv{\'e}},
  booktitle={Accepted for publication in the proceedings of ECOS2021 - The 34th International Conference},
  address = {Taormina, Italy},
  year={June 2021}
}

@article{brown2018response,
  title={Response to ‘Burden of proof: A comprehensive review of the feasibility of 100\% renewable-electricity systems’},
  author={Brown, Tom W and Bischof-Niemz, Tobias and Blok, Kornelis and Breyer, Christian and Lund, Henrik and Mathiesen, Brian V},
  journal={Renewable and sustainable energy reviews},
  volume={92},
  pages={834--847},
  year={2018},
  publisher={Elsevier}
}

@article{robinius2017linking,
  title={Linking the power and transport sectors—Part 1: The principle of sector coupling},
  author={Robinius, Martin and Otto, Alexander and Heuser, Philipp and Welder, Lara and Syranidis, Konstantinos and Ryberg, David S and Grube, Thomas and Markewitz, Peter and Peters, Ralf and Stolten, Detlef},
  journal={Energies},
  volume={10},
  number={7},
  pages={956},
  year={2017},
  publisher={Multidisciplinary Digital Publishing Institute}
}

@article{millinger2021electrofuels,
  title={Electrofuels from excess renewable electricity at high variable renewable shares: cost, greenhouse gas abatement, carbon use and competition},
  author={Millinger, Markus and Tafarte, Philip and Jordan, Matthias and Hahn, Alena and Meisel, Kathleen and Thr{\"a}n, Daniela},
  journal={Sustainable Energy \& Fuels},
  volume={5},
  number={3},
  pages={828--843},
  year={2021},
  publisher={Royal Society of Chemistry}
}

@article{brown2018synergies,
  title={Synergies of sector coupling and transmission reinforcement in a cost-optimised, highly renewable European energy system},
  author={Brown, Tom and Schlachtberger, David and Kies, Alexander and Schramm, Stefan and Greiner, Martin},
  journal={Energy},
  volume={160},
  pages={720--739},
  year={2018},
  publisher={Elsevier}
}

@article{wroblewski2021methodology,
  title={Methodology for Assessing the Impact of Aperiodic Phenomena on the Energy Balance of Propulsion Engines in Vehicle Electromobility Systems for Given Areas},
  author={Wr{\'o}blewski, Piotr and Dro{\.z}d{\.z}, Wojciech and Lewicki, Wojciech and Mi{\k{a}}zek, Pawe{\l}},
  journal={Energies},
  volume={14},
  number={8},
  pages={2314},
  year={2021},
  publisher={Multidisciplinary Digital Publishing Institute}
}

@article{zeng2011review,
  title={A review on optimization modeling of energy systems planning and GHG emission mitigation under uncertainty},
  author={Zeng, Yong and Cai, Yanpeng and Huang, Guohe and Dai, Jing},
  journal={Energies},
  volume={4},
  number={10},
  pages={1624--1656},
  year={2011},
  publisher={Molecular Diversity Preservation International}
}

@article{yue2018review,
  title={A review of approaches to uncertainty assessment in energy system optimization models},
  author={Yue, Xiufeng and Pye, Steve and DeCarolis, Joseph and Li, Francis GN and Rogan, Fionn and Gallach{\'o}ir, Brian {\'O}},
  journal={Energy strategy reviews},
  volume={21},
  pages={204--217},
  year={2018},
  publisher={Elsevier}
}

@article{coppitters2021robust,
  title={Robust design optimization of a photovoltaic-battery-heat pump system with thermal storage under aleatory and epistemic uncertainty},
  author={Coppitters, Diederik and De Paepe, Ward and Contino, Francesco},
  journal={Energy},
  pages={120692},
  year={2021},
  publisher={Elsevier}
}

@article{wroblewski2021total,
  title={Total Cost of Ownership and Its Potential Consequences for the Development of the Hydrogen Fuel Cell Powered Vehicle Market in Poland},
  author={Wr{\'o}blewski, Piotr and Dro{\.z}d{\.z}, Wojciech and Lewicki, Wojciech and Dowejko, Jakub},
  journal={Energies},
  volume={14},
  number={8},
  pages={2131},
  year={2021},
  publisher={Multidisciplinary Digital Publishing Institute}
}

@article{lester2020analysis,
  title={Analysis on electrofuels in future energy systems: a 2050 case study},
  author={Lester, Mason Scott and Bramstoft, Rasmus and M{\"u}nster, Marie},
  journal={Energy},
  volume={199},
  pages={117408},
  year={2020},
  publisher={Elsevier}
}

@article{Turati2017,
author = {Turati, Pietro and Pedroni, Nicola and Zio, Enrico},
journal = {Reliability Engineering and System Safety},
keywords = {Clustering,Critical region exploration,Integrated Deterministic Probabilistic Safety Asse,Kriging,Local outlier factor,Markov Chain Monte Carlo (MCMC),Polynomial chaos expansion,Unexpected events},
mendeley-groups = {3. surrogate-assisted RDO framework/GSA},
pages = {317--330},
publisher = {Elsevier},
title = {{Simulation-based exploration of high-dimensional system models for identifying unexpected events}},
volume = {165},
year = {2017}
}

@article{cheng2009efficient,
  title={Efficient uncertainty quantification with the polynomial chaos method for stiff systems},
  author={Cheng, Haiyan and Sandu, Adrian},
  journal={Mathematics and Computers in Simulation},
  volume={79},
  number={11},
  pages={3278--3295},
  year={2009},
  publisher={Elsevier}
}

@article{dias2020energy,
  title={Energy and economic costs of chemical storage},
  author={Dias, V{\'e}ronique and Pochet, Maxime and Contino, Francesco and Jeanmart, Herv{\'e}},
  journal={Frontiers in Mechanical Engineering},
  volume={6},
  pages={21},
  year={2020},
  publisher={Frontiers}
}

@article{pochet202022,
  title={A 22: 1 Compression Ratio Ammonia-Hydrogen HCCI Engine: Combustion, Load, and Emission Performances},
  author={Pochet, Maxime and Jeanmart, Herv{\'e} and Contino, Francesco},
  journal={Frontiers in Mechanical Engineering},
  volume={6},
  pages={43},
  year={2020},
  publisher={Frontiers}
}

@article{rixhon2021terminology,
  title={Taxonomy of the fuels in a whole-energy system},
  author={Rixhon, Xavier and Limpens, Gauthier and Contino, Francesco and Jeanmart, Herv{\'e}},
  doi = {10.3389/fenrg.2021.660073},
  journal={Frontiers in Energy Research - Sustainable Energy Systems and Policies},
  year={2021},
  publisher={Frontiers}
}

@article{andersson2021greenhouse,
  title={The greenhouse gas emissions of an electrified vehicle combined with renewable fuels: Life cycle assessment and policy implications},
  author={Andersson, {\"O}ivind and B{\"o}rjesson, P{\aa}l},
  journal={Applied Energy},
  volume={289},
  pages={116621},
  year={2021},
  publisher={Elsevier}
}

@misc{BFP_mob,
  title={Perspectives de l’{\'e}volution de la demande de transport en Belgique {\`a} l’horizon 2030},
  author={{Bureau F{\'e}d{\'e}ral du Plan}},
  year={2015, accessed on 10 May 2021},
  howpublished = "\url{https://www.plan.be/publications/publication-1515-fr-perspectives_de_l_evolution_de_la_demande_de_transport_en_belgique_a_l_horizon_2030}"
}

@article{mavromatidis2018uncertainty,
  title={Uncertainty and global sensitivity analysis for the optimal design of distributed energy systems},
  author={Mavromatidis, Georgios and Orehounig, Kristina and Carmeliet, Jan},
  journal={Applied Energy},
  volume={214},
  pages={219--238},
  year={2018},
  publisher={Elsevier}
}

@article{Coppitters2019a,
author = {Coppitters, Diederik and {De Paepe}, Ward and Contino, Francesco},
journal = {Applied Energy},
pages = {310--320},
publisher = {Elsevier},
title = {{Surrogate-assisted robust design optimization and global sensitivity analysis of a directly coupled photovoltaic-electrolyzer system under techno-economic uncertainty}},
volume = {248},
year = {2019}
}

@phdthesis{Limpens2021PhDThesis,
author = {Limpens, Gauthier},
number = {Under revision},
school = {UCLouvain},
title = {{Generating energy transition pathways - application to Belgium}},
year = {2021},
address = {Ottignies-Louvain-la-Neuve, Belgium}
}

@article{Girones2015,
  title = {Strategic Energy Planning for Large-Scale Energy Systems: {{A}} Modelling Framework to Aid Decision-Making},
  volume = {90, Part 1},
  issn = {0360-5442},
  shorttitle = {Strategic Energy Planning for Large-Scale Energy Systems},
  doi = {10.1016/j.energy.2015.06.008},
  timestamp = {2015-10-28T14:21:42Z},
  urldate = {2015-10-28},
  journal = {Energy},
  author = {Codina Giron{\`e}s, Victor and Moret, Stefano and Mar{\'e}chal, Fran{\c c}ois and Favrat, Daniel},
  month = oct,
  year = {2015},
  pages = {173--186},
}

@misc{iea_2020,
  title={World Energy Outlook 2020},
  author={{IEA}},
  institution={IEA - International Energy Agency},
  howpublished = "\url{https://www.iea.org/reports/world-energy-outlook-2020}",
  year={2021}
}

@article{mertens2020carbon,
  title={Why the Carbon-Neutral Energy Transition Will Imply the Use of Lots of Carbon},
  author={Mertens, Jan and Belmans, Ronnie and Webber, Michael},
  journal={C—Journal of Carbon Research},
  volume={6},
  number={2},
  pages={39},
  year={2020},
  publisher={Multidisciplinary Digital Publishing Institute}
}

@book{hoffmann2012tomorrow,
  title={Tomorrow's energy: hydrogen, fuel cells, and the prospects for a cleaner planet},
  author={Hoffmann, Peter},
  year={2012},
  publisher={MIT press},
  address = {Cambridge, MA, USA}
}

@misc{Limpens_Belgian_2020_code,
author = {Limpens, Gauthier},
title = {{Belgium EnergyScope TD repository}},
howpublished = "\url{https://github.com/energyscope/EnergyScope/tree/Limpens_Belgian_2020_code}",
year = {accessed on September 2020},
urldate = {2020-01-02}
}

@article{morris_factorial_1991,
  title = {Factorial {{Sampling Plans}} for {{Preliminary Computational Experiments}}},
  volume = {33},
  issn = {0040-1706},
  timestamp = {2014-10-23T09:05:44Z},
  number = {2},
  journal = {Technometrics},
  author = {Morris, Max D.},
  month = may,
  year = {1991},
  pages = {161--174},
  file = {Snapshot:/Users/Cinese/Library/Application Support/Zotero/Profiles/pwje7tkv.default/zotero/storage/ZSSR697S/00401706.1991.html:text/html},
  groups = {PhD}
}

@article{de2019robust,
  title={Robust operational optimization of a typical micro gas turbine},
  author={De Paepe, Ward and Coppitters, Diederik and Abraham, Simon and Tsirikoglou, Panagiotis and Ghorbaniasl, Ghader and Contino, Francesco},
  journal={Energy Procedia},
  volume={158},
  pages={5795--5803},
  year={2019},
  publisher={Elsevier}
}


@article{verleysen2020can,
  title={{How can power-to-ammonia be robust? Optimization of an ammonia synthesis plant powered by a wind turbine considering operational uncertainties}},
  author={Verleysen, Kevin and Coppitters, Diederik and Parente, Alessandro and De Paepe, Ward and Contino, Francesco},
  journal={Fuel},
  volume={266},
  pages={117049},
  year={2020},
  publisher={Elsevier}
}


@article{coppitters2020robust,
  title={Robust design optimization and stochastic performance analysis of a grid-connected photovoltaic system with battery storage and hydrogen storage},
  author={Coppitters, Diederik and {De Paepe}, Ward and Contino, Francesco},
  journal={Energy},
  volume={213},
  pages={118798},
  year={2020},
  publisher={Elsevier}
}

@article{Sudret2014,
  title={Polynomial chaos expansions and stochastic finite element methods},
  author={Sudret, Bruno},
  journal={Risk and reliability in geotechnical engineering},
  pages={265--300},
  note={{CRC Press Boca Raton, FL}},
  year={2014}
}

@inproceedings{limpens2020impact,
  title={The impact of uncertainties on the Belgian energy system: application of the Polynomial Chaos Expansion to the EnergyScope model.},
  author={Limpens, Gauthier and Coppitters, Diederik and Rixhon, Xavier and Contino, Francesco and Jeanmart, Herv{\'e}},
  booktitle={PROCEEDINGS OF ECOS 2020-THE 33RD INTERNATIONAL CONFERENCE},
  volume={33},
  pages={711},
  address = {Osaka, Japan},
  year={July 2020}
}

@article{moret2020decision,
  title={Decision support for strategic energy planning: A robust optimization framework},
  author={Moret, Stefano and Babonneau, Fr{\'e}d{\'e}ric and Bierlaire, Michel and Mar{\'e}chal, Fran{\c{c}}ois},
  journal={European Journal of Operational Research},
  volume={280},
  number={2},
  pages={539--554},
  year={2020},
  publisher={Elsevier}
}

@incollection{Moret2016,
author = {Moret, Stefano and Bierlaire, Michel and Mar{\'{e}}chal, Fran{\c{c}}ois},
booktitle = {Computer Aided Chemical Engineering},
number = {2003},
pages = {1899--1904},
title = {{Strategic Energy Planning under Uncertainty: a Mixed-Integer Linear Programming Modeling Framework for Large-Scale Energy Systems}},
volume = {38},
year = {2016}
}

@article{Moret2017,
author = {Moret, Stefano and {Codina Giron{\`{e}}s}, V{\'{i}}ctor and Bierlaire, Michel and Mar{\'{e}}chal, Fran{\c{c}}ois},
journal = {Applied Energy},
pages = {597--617},
publisher = {Elsevier Ltd},
title = {{Characterization of input uncertainties in strategic energy planning models}},
volume = {202},
year = {2017}
}

@article{Limpens2020,
  title={Belgian Energy Transition: What Are the Options?},
  author={Limpens, Gauthier and Jeanmart, Herv{\'e} and Mar{\'e}chal, Francois},
  journal={Energies},
  volume={13},
  number={1},
  pages={261},
  year={2020},
  publisher={Multidisciplinary Digital Publishing Institute}
}

@article{limpens2019energyscope,
  title={EnergyScope TD: A novel open-source model for regional energy systems},
  author={Limpens, Gauthier and Moret, Stefano and Jeanmart, Herv{\'e} and Mar{\'e}chal, Francois},
  journal={Applied Energy},
  volume={255},
  pages={113729},
  year={2019},
  publisher={Elsevier}
}

@article{kuo2005lifting,
  title={Lifting the curse of dimensionality},
  author={Kuo, Frances Y and Sloan, Ian H},
  journal={Notices of the AMS},
  volume={52},
  number={11},
  pages={1320--1328},
  year={2005}
}

@article{rozzi2020,
  title={Green Synthetic Fuels: Renewable Routes for the Conversion of Non-Fossil Feedstocks into Gaseous Fuels and Their End Uses},
  author={Rozzi, Elena and Minuto, Francesco Demetrio and Lanzini, Andrea and Leone, Pierluigi},
  journal={Energies},
  volume={13},
  number={2},
  pages={420},
  year={2020},
  publisher={Multidisciplinary Digital Publishing Institute}
}

@misc{iea_2019,
  title={World Energy Outlook 2019},
  author={{Dr. Fatih Birol}},
  institution={IEA - International Energy Agency},
  year={{Brussels, Februrary 2020}}
}

@article{pfenninger2014energy,
  title={Energy systems modeling for twenty-first century energy challenges},
  author={Pfenninger, Stefan and Hawkes, Adam and Keirstead, James},
  journal={Renewable and Sustainable Energy Reviews},
  volume={33},
  pages={74--86},
  year={2014},
  publisher={Elsevier}
}

@article{QUARTON2018302,
title = "Power-to-gas for injection into the gas grid: What can we learn from real-life projects, economic assessments and systems modelling?",
journal = "Renewable and Sustainable Energy Reviews",
volume = "98",
pages = "302 - 316",
year = "2018",
issn = "1364-0321",
doi = "https://doi.org/10.1016/j.rser.2018.09.007",
url = "http://www.sciencedirect.com/science/article/pii/S1364032118306531",
author = "Christopher J. Quarton and Sheila Samsatli",
}

@article{lhuillier2020experimental,
  title={Experimental study on ammonia/hydrogen/air combustion in spark ignition engine conditions},
  author={Lhuillier, Charles and Brequigny, Pierre and Contino, Francesco and Mouna{\"\i}m-Rousselle, Christine},
  journal={Fuel},
  volume={269},
  pages={117448},
  year={2020},
  publisher={Elsevier}
}

@article{roth2005evolution,
  title={Evolution of the brain and intelligence},
  author={Roth, Gerhard and Dicke, Ursula},
  journal={Trends in cognitive sciences},
  volume={9},
  number={5},
  pages={250--257},
  year={2005},
  publisher={Elsevier}
}

@book{alperson2010acheulian,
  title={The Acheulian site of Gesher Benot Ya’aqov volume II: Ancient flames and controlled use of fire},
  author={Alperson-Afil, Nira and Goren-Inbar, Naama},
  year={2010},
  publisher={Springer Science \& Business Media}
}

@article{acar2014,
  title={Comparative assessment of hydrogen production methods from renewable and non-renewable sources},
  author={Acar, Canan and Dincer, Ibrahim},
  journal={International journal of hydrogen energy},
  volume={39},
  number={1},
  pages={1--12},
  year={2014},
  publisher={Elsevier}
}

@article{ridjan2013feasibility,
  title={The feasibility of synthetic fuels in renewable energy systems},
  author={Ridjan, Iva and Mathiesen, Brian Vad and Connolly, David and Dui{\'c}, Neven},
  journal={Energy},
  volume={57},
  pages={76--84},
  year={2013},
  publisher={Elsevier}
}

@article{pottering2009directive,
  title={Directive 2009/30/EC of the European parliament and of the Council of 23 April 2009 amending Directive 98/70/EC as regards the specification of petrol, diesel and gas-oil introducing a mechanism to monitor and reduce greenhouse gas emissions and amending Council Directive 1999/32/EC as regards the specification of fuel used by inland waterway vessels and repealing Directive 93/12/EC},
  author={P{\"o}ttering, HG and Necas, P},
  journal={Off. J. Eur. Union},
  volume={140},
  pages={88--112},
  year={2009}
}

@misc{iea2020world,
  title={World Energy Outlook 2019},
  author={{International Energy Agency}},
  year={2020},
  howpublished = "\url{https://www.iea.org/reports/world-energy-outlook-2019}"
}

@misc{iea2019hydrogen,
  title={The Future of Hydrogen},
  author={{International Energy Agency}},
  year={2019},
  howpublished = "\url{https://www.iea.org/reports/the-future-of-hydrogen}"
}

@article{steinfeld2005solar,
  title={Solar thermochemical production of hydrogen----a review},
  author={Steinfeld, Aldo},
  journal={Solar energy},
  volume={78},
  number={5},
  pages={603--615},
  year={2005},
  publisher={Elsevier}
}

@article{fujiwara2008hydrogen,
  title={Hydrogen production by high temperature electrolysis with nuclear reactor},
  author={Fujiwara, Seiji and Kasai, Shigeo and Yamauchi, Hiroyuki and Yamada, Kazuya and Makino, Shinichi and Matsunaga, Kentaro and Yoshino, Masato and Kameda, Tsuneji and Ogawa, Takashi and Momma, Shigeki and others},
  journal={Progress in Nuclear Energy},
  volume={50},
  number={2-6},
  pages={422--426},
  year={2008},
  publisher={Elsevier}
}

@article{ridjan2016,
  title={Terminology used for renewable liquid and gaseous fuels based on the conversion of electricity: a review},
  author={Ridjan, Iva and Mathiesen, Brian Vad and Connolly, David},
  journal={Journal of Cleaner Production},
  volume={112},
  pages={3709--3720},
  year={2016},
  publisher={Elsevier}
}

@article{Stancin2020,
author = {Stan{\v{c}}in, H. and Mikul{\v{c}}i{\'{c}}, H. and Wang, X. and Dui{\'{c}}, N.},
doi = {10.1016/j.rser.2020.109927},
issn = {18790690},
journal = {Renewable and Sustainable Energy Reviews},
keywords = {Alternative fuel,Biofuel,Carbon capture,Electrolysis,Hydrogen,Pyrolysis,Smart energy system,Variable renewable energy source},
number = {December 2019},
title = {{A review on alternative fuels in future energy system}},
volume = {128},
year = {2020}
}

@article{Ahlgren2012,
author = {Ahlgren, William L.},
doi = {10.1109/JPROC.2012.2192469},
issn = {00189219},
journal = {Proceedings of the IEEE},
keywords = {Alternative fuel,ammonia,ammonia fuel,carbofuel,carbon emissions,coal-to-liquid,electric power,electrochemical energy conversion,energy chain,energy policy,energy strategy,energy vector,fuel,gas-to-liquid,greenhouse gases,hydrogen,hydrogen economy,methanol,methanol fuel,nitrofuel,postpetroleum,renewable fuel,sustainable energy,synthetic fuel},
number = {11},
pages = {3001--3052},
title = {{The dual-fuel strategy: An energy transition plan}},
volume = {100},
year = {2012}
}

@misc{Gallo2016,
author = {Gallo, A. B. and Sim{\~{o}}es-Moreira, J. R. and Costa, H. K.M. and Santos, M. M. and {Moutinho dos Santos}, E.},
booktitle = {Renewable and Sustainable Energy Reviews},
doi = {10.1016/j.rser.2016.07.028},
issn = {18790690},
keywords = {Electricity storage,Renewable energy integration,Sustainable energy systems},
month = {nov},
pages = {800--822},
publisher = {Elsevier Ltd},
title = {{Energy storage in the energy transition context: A technology review}},
volume = {65},
year = {2016}
}

@article{Pickard2009,
author = {Pickard, William F. and Shen, Amy Q. and Hansing, Nicholas J.},
doi = {10.1016/j.rser.2009.03.002},
issn = {13640321},
journal = {Renewable and Sustainable Energy Reviews},
keywords = {Batteries,Compressed air energy storage,Energy storage,Flywheels,Fuel cells,Superconducting magnetic energy storage,Ultracapacitors,Underground pumped hydro},
number = {8},
pages = {1934--1945},
title = {{Parking the power: Strategies and physical limitations for bulk energy storage in supply-demand matching on a grid whose input power is provided by intermittent sources}},
volume = {13},
year = {2009}
}

@article{Evans2012,
author = {Evans, Annette and Strezov, Vladimir and Evans, Tim J.},
doi = {10.1016/j.rser.2012.03.048},
issn = {13640321},
journal = {Renewable and Sustainable Energy Reviews},
keywords = {Electricity,Energy storage,Energy systems,Sustainability},
number = {6},
pages = {4141--4147},
publisher = {Elsevier Ltd},
title = {{Assessment of utility energy storage options for increased renewable energy penetration}},
url = {http://dx.doi.org/10.1016/j.rser.2012.03.048},
volume = {16},
year = {2012}
}

@article{Rosa_2017,
author = {Rosa, Rui},
doi = {10.3390/c3020011},
issn = {2311-5629},
journal = {C},
keywords = {carbon dioxide capture,carbon dioxide utilisation,carbon-neutral fuels,energy storage,power-to-gas,power-to-liquids},
number = {4},
pages = {11},
title = {{The Role of Synthetic Fuels for a Carbon Neutral Economy}},
volume = {3},
year = {2017}
}

@article{Brouwer2016,
author = {Brouwer, Anne Sjoerd and van den Broek, Machteld and Zappa, William and Turkenburg, Wim C. and Faaij, Andr{\'{e}}},
doi = {10.1016/j.apenergy.2015.09.090},
issn = {03062619},
journal = {Applied Energy},
keywords = {CO2 emission reduction,Demand response,Electricity storage,Flexibility,Intermittent renewable sources,Power system modeling},
pages = {48--74},
publisher = {Elsevier Ltd},
title = {{Least-cost options for integrating intermittent renewables in low-carbon power systems}},
url = {http://dx.doi.org/10.1016/j.apenergy.2015.09.090},
volume = {161},
year = {2016}
}

@article{Pearson2012,
author = {Pearson, By Richard J and Eisaman, Matthew D and Turner, James W G and Edwards, Peter P and Jiang, Zheng and Kuznetsov, Vladimir L and Littau, Karl A and Marco, Leon and Taylor, S R Gordon},
number = {2},
title = {Energy Storage via Carbon-Neutral Fuels Made From CO 2 , Water , and Renewable Energy},
volume = {100},
year = {2012}
}

@article{Zeman2008,
author = {Zeman, Frank S. and Keith, David W.},
doi = {10.1098/rsta.2008.0143},
issn = {1364503X},
journal = {Philosophical Transactions of the Royal Society A: Mathematical, Physical and Engineering Sciences},
keywords = {Air capture,Hydrocarbons,Hydrogen,Mitigation,Transportation},
number = {1882},
pages = {3901--3918},
title = {{Carbon neutral hydrocarbons}},
volume = {366},
year = {2008}
}

@article{Goede2018,
author = {Goede, Adelbert P.H.},
doi = {10.1051/epjconf/201818900010},
issn = {2100014X},
journal = {EPJ Web of Conferences},
title = {{CO2 neutral fuels}},
volume = {189},
year = {2018}
}

@article{Trieb2018,
  title={Liquid Solar Fuel--Liquid hydrocarbons from solar energy and biomass},
  author={Trieb, Franz and Moser, Massimo and Kern, J{\"u}rgen},
  journal={Energy},
  volume={153},
  pages={1--11},
  year={2018},
  publisher={Elsevier}
}

@article{Decker2019,
  title={Off-grid power-to-fuel systems for a market launch scenario--A techno-economic assessment},
  author={Decker, Maximilian and Schorn, Felix and Samsun, Remzi Can and Peters, Ralf and Stolten, Detlef},
  journal={Applied energy},
  volume={250},
  pages={1099--1109},
  year={2019},
  publisher={Elsevier}
}

@article{Albrecht2020,
author = {Albrecht, Friedemann Georg and Nguyen, Tuong Van},
doi = {10.1016/j.energy.2019.116511},
issn = {03605442},
journal = {Energy},
keywords = {Alternative fuels,EU RED targets,Greenhouse gas footprint,Power-to-Liquid,Techno-economic assessment},
number = {2020},
pages = {116511},
publisher = {Elsevier Ltd},
title = {{Prospects of electrofuels to defossilize transportation in Denmark – A techno-economic and ecological analysis}},
url = {https://doi.org/10.1016/j.energy.2019.116511},
volume = {192},
year = {2020}
}

@article{european2013proposal,
  title={Proposal for a Directive of the European Parliament and of the Council on the deployment of alternative fuels infrastructure},
  author={European Commission},
  year={2013}
}

@article{eu2003directive,
  title={Directive 2003/30/EC of the European Parliament and of the Council of 8 May 2003 on the promotion of the use of biofuels or other renewable fuels for transport},
  author={EU-Commission and others},
  journal={Official Journal of the European Union},
  volume={5},
  year={2003}
}

@article{eu2001directive,
  title={Directive 2001/77/EC of the European Parliament and of the Council of 27 September 2001 on the promotion of electricity produced from renewable energy sources in the internal electricity market},
  author={EU-Commission and others},
  journal={Official Journal of the European Communities},
  volume={44},
  year={2001}
}

@book{iea2007,
  title={Tracking industrial energy efficiency and CO2 emissions},
  author={International Energy Agency},
  year={2007},
  publisher={Organisation for Economic Co-operation and Development}
}

@book{eia2006,
  title={Annual Energy Outlook 2006 With Projections to 2030},
  author={Energy Information Administration (EIA)},
  doi = {DOE/EIA-0383(2006)},
  year={2006}
}

@article{goldmann2018,
  title={A study on electrofuels in aviation},
  author={Goldmann, Andreas and Sauter, Waldemar and Oettinger, Marcel and Kluge, Tim and Schr{\"o}der, Uwe and Seume, Joerg R and Friedrichs, Jens and Dinkelacker, Friedrich},
  journal={Energies},
  volume={11},
  number={2},
  pages={392},
  year={2018},
  publisher={Multidisciplinary Digital Publishing Institute}
}

@article{bargiacchi2019,
  title={A comparative assessment of Power-to-Fuel production pathways},
  author={Bargiacchi, Eleonora and Antonelli, Marco and Desideri, Umberto},
  journal={Energy},
  volume={183},
  pages={1253--1265},
  year={2019},
  publisher={Elsevier}
}

@article{haarlemmer2014,
  title={Investment and production costs of synthetic fuels--A literature survey},
  author={Haarlemmer, Geert and Boissonnet, Guillaume and Peduzzi, Emanuela and Setier, Pierre-Alexandre},
  journal={Energy},
  volume={66},
  pages={667--676},
  year={2014},
  publisher={Elsevier}
}

@article{monaco2018,
  title={Making synthetic fuels for the road transportation sector via solid oxide electrolysis and catalytic upgrade using recovered carbon dioxide and residual biomass},
  author={Monaco, Federico and Lanzini, Andrea and Santarelli, Massimo},
  journal={Journal of Cleaner Production},
  volume={170},
  pages={160--173},
  year={2018},
  publisher={Elsevier}
}

@book{rao2015,
  title={Sustainable energy conversion for electricity and coproducts: principles, technologies, and equipment},
  author={Rao, Ashok},
  year={2015},
  publisher={John Wiley \& Sons}
}

@article{brynolf2018,
  title={Electrofuels for the transport sector: A review of production costs},
  author={Brynolf, Selma and Taljegard, Maria and Grahn, Maria and Hansson, Julia},
  journal={Renewable and Sustainable Energy Reviews},
  volume={81},
  pages={1887--1905},
  year={2018},
  publisher={Elsevier}
}

@inproceedings{larsson2015,
  title={Synthetic fuels from electricity for the Swedish transport sector: comparison of well to wheel energy efficiencies and costs},
  author={Larsson, M{\aa}rten and Gr{\"o}nkvist, Stefan and Alvfors, Per},
  booktitle={Energy Procedia},
  volume={75},
  pages={1875--1880},
  year={2015}
}

@article{hanggi2019,
  title={A review of synthetic fuels for passenger vehicles},
  author={H{\"a}nggi, Severin and Elbert, Philipp and B{\"u}tler, Thomas and Cabalzar, Urs and Teske, Sinan and Bach, Christian and Onder, Christopher},
  journal={Energy Reports},
  volume={5},
  pages={555--569},
  year={2019},
  publisher={Elsevier}
}

@article{bailera2017,
  title={Power to Gas projects review: Lab, pilot and demo plants for storing renewable energy and CO2},
  author={Bailera, Manuel and Lisbona, Pilar and Romeo, Luis M and Espatolero, Sergio},
  journal={Renewable and Sustainable Energy Reviews},
  volume={69},
  pages={292--312},
  year={2017},
  publisher={Elsevier}
}

@article{hall2008,
  title={Energy-storage technologies and electricity generation},
  author={Hall, Peter J and Bain, Euan J},
  journal={Energy policy},
  volume={36},
  number={12},
  pages={4352--4355},
  year={2008},
  publisher={Elsevier}
}

@misc{eu_biofuel,
  title={Biofuels},
  author={{European Commission}},
  howpublished = "\url{https://ec.europa.eu/energy/topics/renewable-energy/biofuels/overview_fr}",
  year={March 2020 (accessed July 1, 2020)}
}

@article{ellabban2014,
  title={Renewable energy resources: Current status, future prospects and their enabling technology},
  author={Ellabban, Omar and Abu-Rub, Haitham and Blaabjerg, Frede},
  journal={Renewable and Sustainable Energy Reviews},
  volume={39},
  pages={748--764},
  year={2014},
  publisher={Elsevier}
}

@misc{eu_synthetic,
  title={Synthetic fuels},
  author={{European Commission}},
  howpublished = "\url{https://ec.europa.eu/knowledge4policy/glossary/synthetic-fuels_en}",
  year={2018 (accessed July 7, 2020)}
}

@article{bhandari2014,
  title={Life cycle assessment of hydrogen production via electrolysis--a review},
  author={Bhandari, Ramchandra and Trudewind, Clemens A and Zapp, Petra},
  journal={Journal of cleaner production},
  volume={85},
  pages={151--163},
  year={2014},
  publisher={Elsevier}
}

@article{mignard2008,
  title={On the use of electrolytic hydrogen from variable renewable energies for the enhanced conversion of biomass to fuels},
  author={Mignard, Dimitri and Pritchard, Colin},
  journal={Chemical engineering research and design},
  volume={86},
  number={5},
  pages={473--487},
  year={2008},
  publisher={Elsevier}
}

@misc{iea_renewable,
  title={Renewables},
  author={{IEA}},
  howpublished = "\url{https://www.iea.org/fuels-and-technologies/renewables}",
  year={June 16 2020 (accessed July 9, 2020)}
}

@article{wiener1938homogeneous,
  title={The homogeneous chaos},
  author={Wiener, Norbert},
  journal={American Journal of Mathematics},
  volume={60},
  number={4},
  pages={897--936},
  year={1938},
  publisher={JSTOR}
}

@book{Dincer2020,
author = {Dincer, Ibrahim and Bicer, Yusuf},
booktitle = {Integrated Energy Systems for Multigeneration},
doi = {10.1016/b978-0-12-809943-8.00007-8},
isbn = {9780128099438},
pages = {403--440},
title = {{Enhanced dimensions of integrated energy systems for environment and sustainability}},
year = {2020}
}

@article{mathiesen2015,
  title={Smart Energy Systems for coherent 100\% renewable energy and transport solutions},
  author={Mathiesen, Brian Vad and Lund, Henrik and Connolly, David and Wenzel, Henrik and {\O}stergaard, Poul Alberg and M{\"o}ller, Bernd and Nielsen, Steffen and Ridjan, Iva and Karn{\o}e, Peter and Sperling, Karl and others},
  journal={Applied Energy},
  volume={145},
  pages={139--154},
  year={2015},
  publisher={Elsevier}
}

@techreport{iea_fossil,
  title={Key World Energy Statistics 2019},
  author={{IEA - International Energy Agency}},
  institution={IEA - International Energy Agency},
  year={2019}
}

@article{Contino2020,
  title={Whole-energy system models: The advisors for the energy transition},
  author={Contino, Francesco and Moret, Stefano and Limpens, Gauthier and Jeanmart, Herv{\'e}},
  journal={Progress in Energy and Combustion Science},
  volume={81},
  pages={100872},
  year={2020},
  publisher={Pergamon}
}

@article{slade2013micro,
  title={Micro-algae cultivation for biofuels: cost, energy balance, environmental impacts and future prospects},
  author={Slade, Raphael and Bauen, Ausilio},
  journal={Biomass and bioenergy},
  volume={53},
  pages={29--38},
  year={2013},
  publisher={Elsevier}
}

@article{OConnell2019,
author = {O'Connell, Adrian and Kousoulidou, Marina and Lonza, Laura and Weindorf, Werner},
doi = {10.1016/j.rser.2018.11.033},
file = {:Users/xrixhon/Documents/PhD{\_}Thesis/Lit Review/1-s2.0-S136403211830786X-main.pdf:pdf},
issn = {18790690},
journal = {Renewable and Sustainable Energy Reviews},
number = {November 2018},
pages = {504--515},
publisher = {Elsevier Ltd},
title = {{Considerations on GHG emissions and energy balances of promising aviation biofuel pathways}},
url = {https://doi.org/10.1016/j.rser.2018.11.033},
volume = {101},
year = {2019}
}

@article{mousa2016biomass,
  title={Biomass applications in iron and steel industry: an overview of challenges and opportunities},
  author={Mousa, Elsayed and Wang, Chuan and Riesbeck, Johan and Larsson, Mikael},
  journal={Renewable and sustainable energy reviews},
  volume={65},
  pages={1247--1266},
  year={2016},
  publisher={Elsevier}
}

@misc{eu_sustainable,
  title={A Sustainable Europe by 2030},
  author={{European Commission}},
  howpublished = "\url{https://ec.europa.eu/commission/publications/reflection-paper-towards-sustainable-europe-2030_en#:~:text=First\%20published\%20on,deeply\%20rooted\%20in\%20European\%20policies.}",
  year={January 30 2019 (accessed January 20, 2021)}
}

@misc{iea_belgium,
  title={Belgium},
  author={{IEA}},
  howpublished = "\url{https://www.iea.org/countries/belgium}",
  year={Accessed January 20, 2021}
}

@misc{ourworld_2019,
  title={Global energy consumption is still rising},
  author={{Our World in Data}},
  howpublished = "\url{https://ourworldindata.org/energy}",
  year={Accessed January 28, 2021}
}