@article{vinuesa2020role,
  title={The role of artificial intelligence in achieving the Sustainable Development Goals},
  author={Vinuesa, Ricardo and Azizpour, Hossein and Leite, Iolanda and Balaam, Madeline and Dignum, Virginia and Domisch, Sami and Fell{\"a}nder, Anna and Langhans, Simone Daniela and Tegmark, Max and Fuso Nerini, Francesco},
  journal={Nature communications},
  volume={11},
  number={1},
  pages={233},
  year={2020},
  publisher={Nature Publishing Group UK London}
}

@misc{un_sdgs,
  title={The 17 goals},
  author={{United Nations}},
  howpublished = "\url{https://sdgs.un.org/goals}",
  year={September 2015 (accessed June 7, 2023)}
}

@article{limpens2024pathway,
    title={EnergyScope Pathway: an open-source model to optimise the energy transition pathways of a regional whole-energy system},
    author={Limpens, Gauthier and Rixhon, Xavier and Contino, Francesco and Jeanmart, Hervé},
    journal={Elsevier in Applied Energy},
    volume={358},
    doi={https://doi.org/10.1016/j.apenergy.2023.122501.},
    number={122501},
    year={2024},
}

@misc{spf_economy_2022,
    title={Energy - Key Data - Edition February 2022},
    author={{SPF Economie}},
    institution={SPF Economie},
    year={{Brussels, Februrary 2022}}
}

@article{Limpens2020,
    title={Belgian Energy Transition: What Are the Options?},
    author={Limpens, Gauthier and Jeanmart, Herv{\'e} and Mar{\'e}chal, Francois},
    journal={Energies},
    volume={13},
    number={1},
    pages={261},
    year={2020},
    publisher={Multidisciplinary Digital Publishing Institute}
}

@mastersthesis{dommisse2020modelling,
    title={Modelling of Low Carbon Energy Systems for 26 European Countries with EnergyScopeTD : Can European Energy Systems Reach Carbon Neutrality Independently?},
    author={Dommisse, Jeroen and Tychon, Jean-Louis},
    school = {UCLouvain},
    year={2020},
    url ={http://hdl.handle.net/2078.1/thesis:25202}
}

@book{EuropeanCommission2021,
    author = {European Commission and Directorate-General for Climate Action and Directorate-General for Energy and Directorate-General for Mobility and Transport and De Vita, A and Capros, P and Paroussos, L and Fragkiadakis, K and Karkatsoulis, P and Höglund-Isaksson, L and Winiwarter, W and Purohit, P and Gómez-Sanabria, A and Rafaj, P and Warnecke, L and Deppermann, A and Gusti, M and Frank, S and Lauri, P and Fulvio, F and Florou, A and Kannavou, M and Forsell, N and Fotiou, T and Siskos, P and Havlík, P and Tsiropoulos, I and Evangelopoulou, S and Witzke, P and Kesting, M and Katoufa, N and Mitsios, I and Asimakopoulou, G and Kalokyris, T},
    title = {EU reference scenario 2020 : energy, transport and GHG emissions : trends to 2050},
    publisher = {Publications Office},
    year = {2021},
    doi = {doi/10.2833/35750}
}

@article{EuropeanCommission2016,
  title={EU Reference Scenario 2016-Energy, transport and GHG emissions Trends to 2050.},
  author={Capros, Pantelis and De Vita, A and Tasios, N and Siskos, P and Kannavou, M and Petropoulos, A and Evangelopoulou, S and Zampara, M and Papadopoulos, D and Nakos, Ch and others},
  year={2016},
  doi = {10.2833/9127},
  journal={European Commission Directorate-General for Energy}
}

@article{rixhon2022integration,
    title={Integration of non-energy among the end-use demands of bottom-up whole-energy system models},
    author={Rixhon, Xavier and Tonelli, Davide and Colla, Martin and Verleysen, Kevin and Limpens, Gauthier and Jeanmart, Herv{\'e} and Contino, Francesco},
    journal={Frontiers in Energy Research-Process and Energy Systems Engineering},
    volume={10},
    year={2022}
}

@misc{readthedocs_pathway,
    author = {Limpens, Gauthier},
    title = {{EnergyScope Pathway documentation}},
    url = {https://energyscope-pathway.readthedocs.io/en/v1.1/},
    year = {Accessed 2022}
}

@article{genge2023supply,
  title={Supply costs of green chemical energy carriers at the European border: A meta-analysis},
  author={Genge, Lucien and Scheller, Fabian and M{\"u}sgens, Felix},
  journal={International Journal of Hydrogen Energy},
  year={2023},
  publisher={Elsevier}
}

@article{grant2009typology,
  title={A typology of reviews: an analysis of 14 review types and associated methodologies},
  author={Grant, Maria J and Booth, Andrew},
  journal={Health information \& libraries journal},
  volume={26},
  number={2},
  pages={91--108},
  year={2009},
  publisher={Wiley Online Library}
}

@article{page2021prisma,
  title={The PRISMA 2020 statement: an updated guideline for reporting systematic reviews},
  author={Page, Matthew J and McKenzie, Joanne E and Bossuyt, Patrick M and Boutron, Isabelle and Hoffmann, Tammy C and Mulrow, Cynthia D and Shamseer, Larissa and Tetzlaff, Jennifer M and Akl, Elie A and Brennan, Sue E and others},
  journal={International journal of surgery},
  volume={88},
  pages={105906},
  year={2021},
  publisher={Elsevier}
}

@techreport{ELIA_2050,
  title={Electricity scenarios for Belgium towards 2050},
  author={ELIA},
  year={2017},
}

@article{rixhon2021terminology,
  title={Taxonomy of the fuels in a whole-energy system},
  author={Rixhon, Xavier and Limpens, Gauthier and Contino, Francesco and Jeanmart, Herv{\'e}},
  doi = {10.3389/fenrg.2021.660073},
  journal={Frontiers in Energy Research - Sustainable Energy Systems and Policies},
  year={2021},
  publisher={Frontiers}
}

@misc{h2coalition,
  title={{Shipping sun and wind to Belgium is key in climate neutral economy}},
  author={{Hydrogen Import Coalition}},
  year={2021},
  howpublished = "\url{https://www.portofantwerp.com/sites/default/files/Hydrogen\%20Import\%20Coalition.pdf}"
}

@misc{PATHS2050,
    title={{PATHS2050 - The Power of Perspective}},
    author={{EnergyVille}},
    howpublished = "\url{https://perspective2050.energyville.be/}",
    year={2022 (accessed December 2022)}
}

@misc{SCK-CEN_SMR,
  title={Small Modular Reactor (SMR)},
  author={{SCK-CEN}},
  howpublished = "\url{https://www.sckcen.be/en/expertises/nuclear-systems/small-modular-reactor-smr}",
  year={(Accessed July 2023)}
}

@phdthesis{limpens2021generating,
  title={Generating energy transition pathways: application to Belgium},
  author={Limpens, Gauthier},
  year={2021},
  school={Universit{\'e} Catholique de Louvain}
}

@article{nerini2017myopic,
  title={Myopic decision making in energy system decarbonisation pathways. A UK case study},
  author={Nerini, Francesco Fuso and Keppo, Ilkka and Strachan, Neil},
  journal={Energy strategy reviews},
  volume={17},
  pages={19--26},
  year={2017},
  publisher={Elsevier}
}

@article{licandeo2023assessing,
  title={Assessing the impacts of economy-wide emissions policies in the water, energy, and land systems considering water scarcity scenarios},
  author={Licandeo, Francisca and Flores, Francisco and Feijoo, Felipe},
  journal={Applied Energy},
  volume={342},
  pages={121115},
  year={2023},
  publisher={Elsevier}
}

@article{heuberger2018impact,
  title={Impact of myopic decision-making and disruptive events in power systems planning},
  author={Heuberger, Clara F and Staffell, Iain and Shah, Nilay and Mac Dowell, Niall},
  journal={Nature Energy},
  volume={3},
  number={8},
  pages={634--640},
  year={2018},
  publisher={Nature Publishing Group UK London}
}

@inproceedings{poncelet2016myopic,
  title={Myopic optimization models for simulation of investment decisions in the electric power sector},
  author={Poncelet, Kris and Delarue, Erik and Six, Daan and D'haeseleer, William},
  booktitle={2016 13th International Conference on the European Energy Market (EEM)},
  pages={1--9},
  year={2016},
  organization={IEEE}
}

@misc{ourworldindata_CO2_world,
  title={Global CO2 emissions from fossil fuels},
  author={{Our World in Data}},
  howpublished = "\url{https://ourworldindata.org/co2-emissions}",
  year={(Accessed July 2023)}
}

@misc{ourworldindata_CO2_Belgium_2020,
  title={Belgium: What are the country’s annual CO2 emissions?},
  author={{Our World in Data}},
  howpublished = "\url{https://ourworldindata.org/co2/country/belgium}",
  year={(Accessed July 2023)}
}

@techreport{IPCC_CO2_budget,
    title={Global Warming of 1.5°C. An IPCC Special Report on the impacts of global warming of 1.5°C above pre-industrial levels and related global greenhouse gas emission pathways, in the context of strengthening the global response to the threat of climate change, sustainable development, and efforts to eradicate poverty},
    author={{Intergovernmental Pael on Climate Change (IPCC)}},
    editor={{Cambridge University, Cambridge, UK and New York, NY, USA}},
    year={2018},
    pages={{3-24}},
}

@book{Eurostat2019,
author = {Eurostat},
isbn = {9789276109716},
issn = {2363-2372},
pages = {220},
title = {{Energy, Transport and environment statistics, 2019 edition}},
year = {2019}
}

@techreport{schnidrig2021modelling,
  title={A modelling framework for assessing the impact of green mobility technologies on energy systems},
  author={Schnidrig, Jonas and Nguyen, Tuong-Van and Li, Xiang and Mar{\'e}chal, Fran{\c{c}}ois},
  institution={EPFL},
  year={2021}
}

@techreport{IEA2022nuclear,
  title={Nuclear Power and Secure Energy Transitions},
  author={IEA},
  institution={IEA},
  address= "Paris",
  note= {\url{https://www.iea.org/reports/nuclear-power-and-secure-energy-transitions}, License: CC BY 4.0},
  year={2022}
}

@inproceedings{rixhon2021comprehensive,
  title={Comprehensive integration of the non-energy demand within a whole-energy system: towards a defossilisation of the chemical industry in Belgium},
  author={Rixhon, Xavier and Colla, Martin and Tonelli, Davide and Verleysen, Kevin and Limpens, Gauthier and Jeanmart, Herv{\'e} and Contino, Francesco},
  booktitle={34th International Conference on Efficiency, Cost, Optimization, Simulation and Environmental Impact of Energy Systems (ECOS 2021). Taormina, Italy},
  pages={152--163},
  year={2021}
}

@misc{IEA2018_petrochemicals,
author = {IEA},
journal = {International Energy Agency},
title = {{The Future of Petrochemicals – Analysis}},
howpublished = "\url{https://www.iea.org/reports/the-future-of-petrochemicals}",
year = {2018}
}

@article{daioglou2014energy,
  title={Energy demand and emissions of the non-energy sector},
  author={Daioglou, Vassilis and Faaij, Andre PC and Saygin, Deger and Patel, Martin K and Wicke, Birka and van Vuuren, Detlef P},
  journal={Energy \& Environmental Science},
  volume={7},
  number={2},
  pages={482--498},
  year={2014},
  publisher={Royal Society of Chemistry}
}

@article{FPSEconomy2021,
author = {{FPS Economy}},
number = {February},
title = {{ENERGY Key Data}},
year = {2021}
}

@misc{statbel_NED_2019,
title={Energy statistics by economic sector and by energy source},
author={{Statbel}},
howpublished = "\url{https://statbel.fgov.be/en/themes/energy/energy-statistics-economic-sector-and-energy-source}",
year={(Accessed February 11, 2021)}
}

@misc{EU_plastics,
title={European strategy for plastics},
author={{European Commission}},
howpublished = "\url{https://ec.europa.eu/environment/waste/plastic_waste.htm}",
year={(Accessed February 16, 2021)}
}

@misc{agoria_plastics,
title={The Belgian plastics industry and the circular economy},
author={{Agoria \& essenscia}},
howpublished = "\url{https://www.essenscia.be/wp-content/uploads/2019/11/Plast_BROCH_A5_HR.pdf}",
year={(Accessed February 16, 2021)}
}

@misc{UN_statistics,
title={National Inventory Submissions 2020},
author={{United Nations - Climate change}},
howpublished = "\url{https://unfccc.int/ghg-inventories-annex-i-parties/2020}",
year={(Accessed February 16, 2021)}
}

@misc{MMSA51,
author = {(Methanol Market Services Asia)},
title = {MMSA Supply and Demand Forecast},
howpublished = "\url{https://www.methanolmsa.com/additional-mmsa-services/temp-price-forecasts/}",
year = {(Accessed February 16, 2021)}
}

@article{knight2013grandfathering,
  title={What is grandfathering?},
  author={Knight, Carl},
  journal={Environmental Politics},
  volume={22},
  number={3},
  pages={410--427},
  year={2013},
  publisher={Taylor \& Francis}
}

@article{tsiropoulos2018emerging,
	author = {Tsiropoulos, Ioannis and Hoefnagels, Ric and de Jong, Sierk and van den Broek, Machteld and Patel, Martin and Faaij, Andr{\'e}},
	journal = {Biofuels, Bioproducts and Biorefining},
	number = {4},
	pages = {665--693},
	publisher = {Wiley Online Library},
	title = {Emerging bioeconomy sectors in energy systems modeling--Integrated systems analysis of electricity, heat, road transport, aviation, and chemicals: a case study for the Netherlands},
	volume = {12},
	year = {2018}
}
	
@misc{GIT_NED,
	howpublished = "\url{https://github.com/xrixhon/Non_energy_demand/tree/NED}",
	  year={March 2021}
}

@incollection{li2019renewables,
  title={Are renewables really that expensive? The impact of uncertainty on the cost of the energy transition},
  author={Li, Xiang and Moret, Stefano and Baldi, Francesco and Mar{\'e}chal, Fran{\c{c}}ois},
  booktitle={Computer Aided Chemical Engineering},
  volume={46},
  pages={1753--1758},
  year={2019},
  publisher={Elsevier}
}

@article{coppitters2021robust,
  title={Robust design optimization of a photovoltaic-battery-heat pump system with thermal storage under aleatory and epistemic uncertainty},
  author={Coppitters, Diederik and De Paepe, Ward and Contino, Francesco},
  journal={Energy},
  volume={229},
  pages={120692},
  year={2021},
  publisher={Elsevier}
}

@phdthesis{Moret2017PhDThesis,
    author = {Moret, Stefano},
    number = {October},
    school = {EPFL},
    title = {{Strategic energy planning under uncertainty}},
    volume = {7961},
    year = {2017}
}

@article{Moret2017,
    author = {Moret, Stefano and {Codina Giron{\`{e}}s}, V{\'{i}}ctor and Bierlaire, Michel and Mar{\'{e}}chal, Fran{\c{c}}ois},
    journal = {Applied Energy},
    pages = {597--617},
    publisher = {Elsevier Ltd},
    title = {{Characterization of input uncertainties in strategic energy planning models}},
    volume = {202},
    year = {2017}
}

@article{rixhon2021role,
    title={The role of electrofuels under uncertainties for the Belgian energy transition},
    author={Rixhon, Xavier and Limpens, Gauthier and Coppitters, Diederik and Jeanmart, Herv{\'e} and Contino, Francesco},
    journal={Energies},
    volume={14},
    number={13},
    pages={4027},
    year={2021},
    publisher={MDPI}
}

@article{coppitters2020robust,
  title={Robust design optimization and stochastic performance analysis of a grid-connected photovoltaic system with battery storage and hydrogen storage},
  author={Coppitters, Diederik and De Paepe, Ward and Contino, Francesco},
  journal={Energy},
  volume={213},
  pages={118798},
  year={2020},
  publisher={Elsevier}
}

@article{coppitters2022rheia,
  doi = {10.21105/joss.04370},
  year = {2022},
  publisher = {The Open Journal},
  volume = {7},
  number = {75},
  pages = {4370},
  author = {Diederik Coppitters and Panagiotis Tsirikoglou and Ward De Paepe and Konstantinos Kyprianidis and Anestis Kalfas and Francesco Contino},
  title = {{RHEIA: Robust design optimization of renewable Hydrogen and dErIved energy cArrier systems}},
  journal = {Journal of Open Source Software}
}

@misc{readthedocs_rheia,
    author = {Coppitters, Diederik},
    title = {{RHEIA documentation}},
    url = {https://rheia.readthedocs.io/en/latest/index.html},
    year = {Accessed 2022}
}

@article{Sudret2014,
    title={Polynomial chaos expansions and stochastic finite element methods},
    author={Sudret, Bruno},
    journal={Risk and reliability in geotechnical engineering},
    pages={265--300},
    year={2014},
    publisher={CRC Press Boca Raton, FL}
}

@article{bratley2003implementing,
  title={Implementing sobols quasirandom sequence generator (algorithm 659)},
  author={Bratley, P and Fox, B},
  journal={ACM Transactions on Mathematical Software},
  volume={29},
  number={1},
  pages={49--57},
  year={2003}
}

@article{limpens2020impact,
  title={The impact of uncertainties on the Belgian energy system: Application of the Polynomial Chaos Expansion to the EnergyScope model},
  author={Limpens, Gauthier and Coppitters, Diederik and Rixhon, Xavier and Contino, Francesco and Jeanmart, Herv{\'e}},
  journal={Proceedings of the ECOS},
  year={2020}
}

@incollection{Sin2009,
  title={Improving the Morris method for sensitivity analysis by scaling the elementary effects},
  author={Sin, G{\"u}rkan and Gernaey, Krist V},
  booktitle={Computer Aided Chemical Engineering},
  volume={26},
  pages={925--930},
  year={2009},
  publisher={Elsevier}
}

@article{morris_factorial_1991,
  title = {Factorial {{Sampling Plans}} for {{Preliminary Computational Experiments}}},
  volume = {33},
  issn = {0040-1706},
  timestamp = {2014-10-23T09:05:44Z},
  number = {2},
  journal = {Technometrics},
  author = {Morris, Max D.},
  month = may,
  year = {1991},
  pages = {161--174},
  file = {Snapshot:/Users/Cinese/Library/Application Support/Zotero/Profiles/pwje7tkv.default/zotero/storage/ZSSR697S/00401706.1991.html:text/html},
  groups = {PhD}
}

@incollection{moret2016strategic,
  title={Strategic energy planning under uncertainty: a mixed-integer linear programming modeling framework for large-scale energy systems},
  author={Moret, Stefano and Bierlaire, Michel and Mar{\'e}chal, Fran{\c{c}}ois},
  booktitle={Computer Aided Chemical Engineering},
  volume={38},
  pages={1899--1904},
  year={2016},
  publisher={Elsevier}
}

@article{limpens2019energyscope,
  title={EnergyScope TD: A novel open-source model for regional energy systems},
  author={Limpens, Gauthier and Moret, Stefano and Jeanmart, Herv{\'e} and Mar{\'e}chal, Francois},
  journal={Applied Energy},
  volume={255},
  pages={113729},
  year={2019},
  publisher={Elsevier}
}

@article{coppittersthesis,
  title={Robust design optimization of hybrid renewable energy systems},
  author={Coppitters, Diederik},
  journal={Vrije Universiteit Brussel (VUB), University of Mons (UMONS), Mons},
  year={2021}
}

@phdthesis{palmintier2013incorporating,
  title={Incorporating operational flexibility into electric generation planning: Impacts and methods for system design and policy analysis},
  author={Palmintier, Bryan Stephen},
  year={2013},
  school={Massachusetts Institute of Technology}
}

@article{Connolly2010,
author = {Connolly, D. and Lund, H. and Mathiesen, B. V. and Leahy, M.},
doi = {10.1016/j.apenergy.2009.09.026},
isbn = {0306-2619},
issn = {03062619},
journal = {Applied Energy},
keywords = {Energy models,Energy systems,Energy systems modelling,Energy tools,Renewable energy,Sustainable energy},
number = {4},
pages = {1059--1082},
publisher = {Elsevier Ltd},
title = {{A review of computer tools for analysing the integration of renewable energy into various energy systems}},
volume = {87},
year = {2010}
}

@article{prina2019transition,
author = {Prina, Matteo Giacomo and Lionetti, Matteo and Manzolini, Giampaolo and Sparber, Wolfram and Moser, David},
doi = {10.1016/j.apenergy.2018.10.099},
issn = {03062619},
journal = {Applied Energy},
keywords = {Energy planning,Energy system modelling,EnergyPLAN,Long-term model,Transition pathways},
number = {August 2018},
pages = {356--368},
publisher = {Elsevier},
title = {{Transition pathways optimization methodology through EnergyPLAN software for long-term energy planning}},
volume = {235},
year = {2019}
}

@article{prina2020classification,
  title={Classification and challenges of bottom-up energy system models - A review},
  author={Prina, Matteo Giacomo and Manzolini, Giampaolo and Moser, David and Nastasi, Benedetto and Sparber, Wolfram},
  journal={Renewable and Sustainable Energy Reviews},
  volume={129},
  pages={109917},
  year={2020},
  publisher={Elsevier}
}

@article{chang2021trends,
  title={Trends in tools and approaches for modelling the energy transition},
  author={Chang, Miguel and Thellufsen, Jakob Zink and Zakeri, Behnam and Pickering, Bryn and Pfenninger, Stefan and Lund, Henrik and {\O}stergaard, Poul Alberg},
  journal={Applied Energy},
  volume={290},
  pages={116731},
  year={2021},
  publisher={Elsevier}
}

@article{Atlason2014,
author = {Atlason, Reynir and Unnthorsson, Runar},
doi = {10.1016/j.energy.2014.01.096},
isbn = {0360-5442},
issn = {03605442},
journal = {Energy},
keywords = {Energy production,Energy return on investment,Geothermal,Hydro,Ideal,Wind},
pages = {241--245},
publisher = {Elsevier Ltd},
title = {{Ideal EROI (energy return on investment) deepens the understanding of energy systems}},
volume = {67},
year = {2014}
}

@misc{Calliope,
author = {{Pfenninger and Pickering}},
title = {{Calliope - a multi-scale energy systems modelling framework}},
url = {https://www.callio.pe/},
year = {Accessed 2023}
}

@misc{COMPOSE,
author = {University, Aalborg},
title = {{EnergyInteractive.NET}},
url = {http://energyinteractive.net/},
year = {Accessed July 17th, 2018}
}

@article{popovic2017mixed,
  title={A mixed integer linear programming based approach for optimal placement of different types of automation devices in distribution networks},
  author={Popovi{\'c}, {\v{Z}}ivko and Brbakli{\'c}, Branislav and Kne{\v{z}}evi{\'c}, S},
  journal={Electric Power Systems Research},
  volume={148},
  pages={136--146},
  year={2017},
  publisher={Elsevier}
}
@misc{dercam_website,
  title={DER-CAM},
  author={{Berkeley Lab}},
  url = {https://gridintegration.lbl.gov/der-cam},
  year = {Accessed June 12th, 2023},
}

@article{zerrahn2017long,
  title={Long-run power storage requirements for high shares of renewables: review and a new model},
  author={Zerrahn, Alexander and Schill, Wolf-Peter},
  journal={Renewable and Sustainable Energy Reviews},
  volume={79},
  pages={1518--1534},
  year={2017},
  publisher={Elsevier}
}

@misc{E2M2,
author = {{University of Stuttgart}},
title = {{European Electricity Market Model}},
url = {https://www.ier.uni-stuttgart.de/forschung/modelle/E2M2/},
year = {Accessed June 12th, 2023}
}

@article{backe2022empire,
  title={EMPIRE: An open-source model based on multi-horizon programming for energy transition analyses},
  author={Backe, Stian and Skar, Christian and del Granado, Pedro Crespo and Turgut, Ozgu and Tomasgard, Asgeir},
  journal={SoftwareX},
  volume={17},
  pages={100877},
  year={2022},
  publisher={Elsevier}
}

@misc{ETM,
  title={Energy Transition Model},
  author={{Quintel Intelligence}},
  url = {https://docs.energytransitionmodel.com/main/intro/},
  year = {Accessed September 17th, 2023}
}

@misc{lundenergyplan,
  title={EnergyPLAN - Advanced Energy Systems Analysis Computer Model (Version 15.1)},
  author={Lund, Henrik and Thellufsen, Jacob Zinck},
  year={2020},
  howpublished={\url{https://doi.org/10.5281/zenodo.4001540}},
  note={[Accessed September 17, 2020]}
}

@manual{EnergyRT,
  title = {energyRt: Energy systems modeling toolbox in R, development version},
  author = {Oleg Lugovoy and Vladimir Potashnikov},
  year = {2022},
  note = {R package version 0.01.21.9003},
  url = {https://github.com/energyRt/energyRt}
}

@misc{enertile,
  title={Enertile},
  author={{Freaunhofer ISI}},
  url = {https://www.enertile.eu/enertile-en},
  year = {Accessed June 12th, 2023}
}

@article{heuberger2017electricity,
  title={Electricity systems optimisation with capacity expansion and endogenous technology learning (ESO-XEL)},
  author={Heuberger, Clara F},
  journal={Zenodo},
  year={2017}
}

@article{loffler2017designing,
  title={Designing a model for the global energy system—GENeSYS-MOD: an application of the open-source energy modeling system (OSeMOSYS)},
  author={L{\"o}ffler, Konstantin and Hainsch, Karlo and Burandt, Thorsten and Oei, Pao-Yu and Kemfert, Claudia and Von Hirschhausen, Christian},
  journal={Energies},
  volume={10},
  number={10},
  pages={1468},
  year={2017},
  publisher={MDPI}
}

@article{herc2021energy,
  title={Energy system transitions pathways with the new H2RES model: a comparison with existing planning tool},
  author={Herc, Luka and Pfeifer, Antun and Feijoo, Felipe and Dui{\'c}, Neven},
  journal={e-Prime-Advances in Electrical Engineering, Electronics and Energy},
  volume={1},
  pages={100024},
  year={2021},
  publisher={Elsevier}
}

@misc{ihoga,
  title={ihoga},
  author={Dufo L\'{o}pez, R},
  url = {https://ihoga.unizar.es/en/},
  year = {Accessed June 12th, 2023}
}

@phdthesis{kuhn2012iteratives,
  title={Iteratives Modell zur Optimierung von Speicherausbau und-betrieb in einem Stromsystem mit zunehmend fluktuierender Erzeugung},
  author={Kuhn, Philipp},
  year={2012},
  school={Technische Universit{\"a}t M{\"u}nchen}
}

@misc{opendss,
  title={Open Distribution System Simulator (OpenDSS)},
  author={{Electric Power Research Institute}},
  url = {https://sourceforge.net/projects/electricdss/},
  year = {Accessed June 12th, 2023}
}

@misc{energyexemplarplexos9,
  title = {{Plexos} (Version 9.0)},
  author = {{Energy Exemplar}},
  year = {2023},
  url = {https://plexos9.com/}
}

@article{brown2017pypsa,
  title={PyPSA: Python for power system analysis},
  author={Brown, Tom and H{\"o}rsch, Jonas and Schlachtberger, David},
  journal={arXiv preprint arXiv:1707.09913},
  year={2017}
}

@misc{PyPsa,
author = {Brown, Tom and H{\"{o}}rsch, Jonas and Schlachtberger, David},
title = {{PyPSA: Python for Power System Analysis}},
url = {https://pypsa.org/},
urldate = {2021-02-11},
year = {2018}
}

@techreport{energistyrelsen2023ramses,
author = {{Energistyrelsen}},
title = {{Modeldokumentation – Ramses energisystemmodel }},
year = {2023},
url = {https://ens.dk/sites/ens.dk/files/Analyser/ramses_energisystemmodel.pdf}
}

@techreport{short2011regional,
  title={Regional energy deployment system (ReEDS)},
  author={Short, Walter and Sullivan, Patrick and Mai, Trieu and Mowers, Matthew and Uriarte, Caroline and Blair, Nate and Heimiller, Donna and Martinez, Andrew},
  year={2011},
  institution={National Renewable Energy Lab.(NREL), Golden, CO (United States)}
}

@article{loulou2005documentation,
  title={Documentation for the times model part ii},
  author={Loulou, Richard and Remme, Uwe and Kanudia, Amit and Lehtila, Antti and Goldstein, Gary},
  journal={Energy technology systems analysis programme},
  year={2005}
}

@article{bartholdsen2019pathways,
  title={Pathways for Germany’s low-carbon energy transformation towards 2050},
  author={Bartholdsen, Hans-Karl and Eidens, Anna and L{\"o}ffler, Konstantin and Seehaus, Frederik and Wejda, Felix and Burandt, Thorsten and Oei, Pao-Yu and Kemfert, Claudia and Hirschhausen, Christian von},
  journal={Energies},
  volume={12},
  number={15},
  pages={2988},
  year={2019},
  publisher={MDPI}
}

@masterthesis{waucquez2023validation,
  author = {Waucquez, Victor},
  title = {Validation of the cost optimization model, Pathway Energyscope, for scenario analysis},
  school = {Ecole polytechnique de Louvain, Université catholique de Louvain},
  year = {2023},
  url = {http://hdl.handle.net/2078.1/thesis:40534},
  advisor = {Jeanmart, Hervé}
}

@article{pedersen2022long,
  title={Long-term implications of reduced gas imports on the decarbonization of the European energy system},
  author={Pedersen, Tim T{\o}rnes and G{\o}tske, Ebbe Kyhl and Dvorak, Adam and Andresen, Gorm Bruun and Victoria, Marta},
  journal={Joule},
  volume={6},
  number={7},
  pages={1566--1580},
  year={2022},
  publisher={Elsevier}
}

@misc{openmod_times_description,
author = {IEA-ETSAP},
title = {{Times model description}},
url = {https://wiki.openmod-initiative.org/wiki/TIMES},
urldate = {2023},
year = {2021}
}

@article{haydt2011relevance,
  title={The relevance of the energy resource dynamics in the mid/long-term energy planning models},
  author={Haydt, Gustavo and Leal, V{\'\i}tor and Pina, Andr{\'e} and Silva, Carlos A},
  journal={Renewable energy},
  volume={36},
  number={11},
  pages={3068--3074},
  year={2011},
  publisher={Elsevier}
}

@article{pfenninger2015renewables,
author = {Pfenninger, Stefan and Keirstead, James},
doi = {10.1016/j.apenergy.2015.04.102},
isbn = {0306-2619},
issn = {03062619},
journal = {Applied Energy},
keywords = {Energy policy,Energy systems modeling,Renewable energy,Scenarios},
pages = {83--93},
title = {{Renewables, nuclear, or fossil fuels? Scenarios for Great Britain's power system considering costs, emissions and energy security}},
volume = {152},
year = {2015}
}

@article{pickering2021quantifying,
  title={Quantifying resilience in energy systems with out-of-sample testing},
  author={Pickering, Bryn and Choudhary, Ruchi},
  journal={Applied Energy},
  volume={285},
  pages={116465},
  year={2021},
  publisher={Elsevier}
}

@article{pfenninger2017dealing,
  title={Dealing with multiple decades of hourly wind and PV time series in energy models: A comparison of methods to reduce time resolution and the planning implications of inter-annual variability},
  author={Pfenninger, Stefan},
  journal={Applied energy},
  volume={197},
  pages={1--13},
  year={2017},
  publisher={Elsevier}
}

@article{welsch2014incorporating,
  title={Incorporating flexibility requirements into long-term energy system models--A case study on high levels of renewable electricity penetration in Ireland},
  author={Welsch, Manuel and Deane, Paul and Howells, Mark and Gallach{\'o}ir, Brian {\'O} and Rogan, Fionn and Bazilian, Morgan and Rogner, Hans-Holger},
  journal={Applied Energy},
  volume={135},
  pages={600--615},
  year={2014},
  publisher={Elsevier}
}

@article{prina2021bottom,
  title={Bottom-up energy system models applied to sustainable islands},
  author={Prina, Matteo Giacomo and Groppi, Daniele and Nastasi, Benedetto and Garcia, Davide Astiaso},
  journal={Renewable and Sustainable Energy Reviews},
  volume={152},
  pages={111625},
  year={2021},
  publisher={Elsevier}
}

@misc{PESTD_v1_repo,
author = {Limpens, Gauthier},
title = {{Pathway extension of model EnergyScope TD}},
url = {https://github.com/energyscope/EnergyScope_pathway/tree/v1.1},
year = {Accessed 2023}
}

@article{mertens2020carbon,
  title={Why the Carbon-Neutral Energy Transition Will Imply the Use of Lots of Carbon},
  author={Mertens, Jan and Belmans, Ronnie and Webber, Michael},
  journal={C—Journal of Carbon Research},
  volume={6},
  number={2},
  pages={39},
  year={2020},
  publisher={Multidisciplinary Digital Publishing Institute}
}

@techreport{Devogelaer2013,
author = {Devogelaer, Danielle and Duerinck, Jan and Gusbin, Dominique and Marenne, Yves and Nijs, Wouter and Orsini, Marco and Pairon, Marie},
pages = {156},
title = {{Towards 100{\%} renewable energy in Belgium by 2050}},
year = {2013}
}

@techreport{My2050,
author = {Climact and VITO},
title = {{New scenarios for a climate neutral Belgium by 2050}},
url = {https://klimaat.be/doc/climate-neutral-belgium-by-2050-report.pdf},
year = {2021}
}

@techreport{Cornet2013,
author = {Cornet, Michel and Duerinck, Jan and Laes, Erik and Lodewijks, Pieter and Meynaerts, Erika and Pestiaux, Julien and Renders, Nele and Vermeulen, Pascal},
institution = {Climact, VITO},
number = {November},
pages = {119},
title = {{Scenarios for a Low Carbon Belgium by 2050}},
year = {2013}
}

@misc{BFP_mob,
  title={Perspectives de l’{\'e}volution de la demande de transport en Belgique {\`a} l’horizon 2030},
  author={{Bureau F{\'e}d{\'e}ral du Plan}},
  year={2015},
  publisher={Bruxelles}
}

@misc{nuclear_2035,
  title={La Belgique repousse de 10 ans sa sortie du nucléaire},
  author={{Société Française d'énergie nucléaire}},
  howpublished = "\url{https://www.sfen.org/rgn/la-belgique-repousse-de-10-ans-sa-sortie-du-nucleaire/}",
  year={January 2023 (accessed April 17, 2023)}
}

@article{dubois2023multi,
  title={Multi-objective near-optimal necessary conditions for multi-sectoral planning},
  author={Dubois, Antoine and Dumas, Jonathan and Thiran, Paolo and Limpens, Gauthier and Ernst, Damien},
  journal={arXiv preprint arXiv:2302.12654},
  year={2023}
}

@inproceedings{pavivcevic2022bidirectionnal,
  title={Bi-directional soft-linking between a whole energy system model and a power systems model},
  author={Pavi{\v{c}}evi{\'c}, Matija and Thiran, Paolo and Limpens, Gauthier and Contino, Francesco and Jeanmart, Herv{\'e} and Quoilin, Sylvain},
  booktitle={2022 IEEE PES/IAS PowerAfrica},
  pages={1--5},
  year={2022},
  organization={IEEE}
}

@techreport{febiac2021datadigest,
author = {{Fédération Belge et Luxembourgeoise de l'automobile et du cycle}},
title = {{Automotive Pocket Guide Belgium - Chiffres clefs}},
year = {2021},
url = {https://www.febiac.be/public/statistics.aspx?FID=23}
}

@article{Girones2015,
  title = {Strategic Energy Planning for Large-Scale Energy Systems: {{A}} Modelling Framework to Aid Decision-Making},
  volume = {90, Part 1},
  issn = {0360-5442},
  shorttitle = {Strategic Energy Planning for Large-Scale Energy Systems},
  doi = {10.1016/j.energy.2015.06.008},
  timestamp = {2015-10-28T14:21:42Z},
  urldate = {2015-10-28},
  journal = {Energy},
  author = {Codina Giron{\`e}s, Victor and Moret, Stefano and Mar{\'e}chal, Fran{\c c}ois and Favrat, Daniel},
  month = oct,
  year = {2015},
  pages = {173--186},
}

@article{contino2020whole,
  title={Whole-energy system models: The advisors for the energy transition},
  author={Contino, Francesco and Moret, Stefano and Limpens, Gauthier and Jeanmart, Herv{\'e}},
  journal={Progress in Energy and Combustion Science},
  volume={81},
  pages={100872},
  year={2020},
  url =  {https://doi.org/10.1016/j.pecs.2020.100872},
  publisher={Elsevier}
}

@article{thiran2023validation,
  title={Validation of a Method to Select a Priori the Number of Typical Days for Energy System Optimisation Models},
  author={Thiran, Paolo and Jeanmart, Herv{\'e} and Contino, Francesco},
  journal={Energies},
  volume={16},
  number={6},
  pages={2772},
  year={2023},
  publisher={MDPI}
}

@inproceedings{Limpens_role_2019,
author = {Limpens, Gauthier and Moret, Stefano and Guidati, Gianfranco and Li, Xiang and Mar{\'{e}}chal, Fran{\c{c}}ois and Jeanmart, Herv{\'{e}}},
booktitle = {proceedings of ECOS 2019 conference},
pages = {761--774},
title = {{The role of storage in the Swiss energy transition}},
year = {2019}
}

@article{borasio2022deep,
  title={Deep decarbonisation of regional energy systems: A novel modelling approach and its application to the Italian energy transition},
  author={Borasio, Marcello and Moret, Stefano},
  journal={Renewable and Sustainable Energy Reviews},
  volume={153},
  pages={111730},
  year={2022},
  publisher={Elsevier}
}

@article{schnidrig2023role,
  title={On the role of energy infrastructure in the energy transition. Case study of an energy independent and CO2 neutral energy system for Switzerland},
  author={Schnidrig, Jonas and Cherkaoui, Rachid and Calisesi, Yasmine and Margni, Manuele and Maréchal, François},
  journal={Frontiers in Energy Research},
  volume={11},
  year={2023},
  pages={1164813},
  doi={10.3389/fenrg.2023.1164813},
  url={https://doi.org/10.3389/fenrg.2023.1164813},
  section={Sustainable Energy Systems},
}

@misc{IPCC2014,
author = {IPCC},
title = {{Climate Change 2013 - The Physical Science Basis}},
url = {https://www.ipcc.ch/report/ar5/wg1/},
institution = {Intergovernmental Panel on Climate Change},
year = {2014}
}

@misc{readthedocs_estd_v2.2,
author = {Limpens, Gauthier},
title = {{EnergyScope TD documentation}},
url = {https://energyscope.readthedocs.io/en/v2.2/},
year={Accessed 2023}
}

@article{babrowski2014reducing,
  title={Reducing computing time of energy system models by a myopic approach: A case study based on the PERSEUS-NET model},
  author={Babrowski, Sonja and Heffels, Tobias and Jochem, Patrick and Fichtner, Wolf},
  journal={Energy systems},
  volume={5},
  pages={65--83},
  year={2014},
  publisher={Springer}
}

@article{fais2016impact,
  title={Impact of technology uncertainty on future low-carbon pathways in the UK},
  author={Fais, Birgit and Keppo, Ilkka and Zeyringer, Marianne and Usher, Will and Daly, Hannah},
  journal={Energy Strategy Reviews},
  volume={13},
  pages={154--168},
  year={2016},
  publisher={Elsevier}
}

@book{stocker2014climate,
  title={Climate change 2013: the physical science basis: Working Group I contribution to the Fifth assessment report of the Intergovernmental Panel on Climate Change},
  author={Stocker, Thomas},
  year={2014},
  publisher={Cambridge university press}
}

@article{schnidrig2023integration,
  title={Integration of Life Cycle Impact Assessment in Energy System Modelling},
  author={Schnidrig, Jonas and Brun, Justine and Mar{\'e}chal, Fran{\c{c}}ois and Margni, Manuele},
  journal={Proceedings of ECOS 2023},
  year={2023}
}

@masterthesis{goffauxpathway,
  title={Pathway towards energy sustainability in Belgium under uncertainties},
  author={Goffaux, Benjamin},
  school = {Ecole polytechnique de Louvain, Université catholique de Louvain},
  year = {2021},
  url = {https://dial.uclouvain.be/memoire/ucl/object/thesis:30574},
  advisor = {Contino, Francesco}
}

@article{moret2020overcapacity,
  title={Overcapacity in European power systems: Analysis and robust optimization approach},
  author={Moret, Stefano and Babonneau, Fr{\'e}d{\'e}ric and Bierlaire, Michel and Mar{\'e}chal, Fran{\c{c}}ois},
  journal={Applied Energy},
  volume={259},
  pages={113970},
  year={2020},
  publisher={Elsevier}
}

@misc{amplpy,
author = {{AMPL Optimization Inc.}},
title = {{AMPL Python API}},
howpublished = "\url{https://amplpy.ampl.com/en/latest/}",
year = {2024}
}

@article{mavromatidis2018uncertainty,
  title={Uncertainty and global sensitivity analysis for the optimal design of distributed energy systems},
  author={Mavromatidis, Georgios and Orehounig, Kristina and Carmeliet, Jan},
  journal={Applied Energy},
  volume={214},
  pages={219--238},
  year={2018},
  publisher={Elsevier}
}

@article{peace2008insights,
  title={Insights not numbers: the appropriate use of economic models},
  author={Peace, Janet and Weyant, John},
  journal={White paper of Pew Center on Global Climate Change},
  year={2008},
  publisher={Citeseer}
}

@book{marnay2006addressing,
  title={Addressing an uncertain future using scenario analysis},
  author={Marnay, Chris and Siddiqui, Afzal S},
  year={2006},
  publisher={Lawrence Berkeley National Laboratory}
}

@article{yue2018review,
  title={A review of approaches to uncertainty assessment in energy system optimization models},
  author={Yue, Xiufeng and Pye, Steve and DeCarolis, Joseph and Li, Francis GN and Rogan, Fionn and Gallach{\'o}ir, Brian {\'O}},
  journal={Energy strategy reviews},
  volume={21},
  pages={204--217},
  year={2018},
  publisher={Elsevier}
}

@article{guevara2022modeling,
  title={Modeling uncertainty processes for multi-stage optimization of strategic energy planning: An auto-regressive and Markov chain formulation},
  author={Guevara, Esnil and Babonneau, Fr{\'e}d{\'e}ric and Homem-de-Mello, Tito},
  year={2022}
}

@article{perera2021applications,
  title={Applications of reinforcement learning in energy systems},
  author={Perera, ATD and Kamalaruban, Parameswaran},
  journal={Renewable and Sustainable Energy Reviews},
  volume={137},
  pages={110618},
  year={2021},
  publisher={Elsevier}
}

@inproceedings{haarnoja2018soft,
  title={Soft actor-critic: Off-policy maximum entropy deep reinforcement learning with a stochastic actor},
  author={Haarnoja, Tuomas and Zhou, Aurick and Abbeel, Pieter and Levine, Sergey},
  booktitle={International conference on machine learning},
  pages={1861--1870},
  year={2018},
  organization={PMLR}
}

@book{sutton2018reinforcement,
  title={Reinforcement learning: An introduction},
  author={Sutton, Richard S and Barto, Andrew G},
  year={2018},
  publisher={MIT press}
}

@book{ziebart2010modeling,
  title={Modeling purposeful adaptive behavior with the principle of maximum causal entropy},
  author={Ziebart, Brian D},
  year={2010},
  publisher={Carnegie Mellon University}
}

@inproceedings{haarnoja2017reinforcement,
  title={Reinforcement learning with deep energy-based policies},
  author={Haarnoja, Tuomas and Tang, Haoran and Abbeel, Pieter and Levine, Sergey},
  booktitle={International conference on machine learning},
  pages={1352--1361},
  year={2017},
  organization={PMLR}
}

@article{raffin2021stable,
  title={Stable-baselines3: Reliable reinforcement learning implementations},
  author={Raffin, Antonin and Hill, Ashley and Gleave, Adam and Kanervisto, Anssi and Ernestus, Maximilian and Dormann, Noah},
  journal={The Journal of Machine Learning Research},
  volume={22},
  number={1},
  pages={12348--12355},
  year={2021},
  publisher={JMLRORG}
}

@article{abadi2016tensorflow,
  title={Tensorflow: Large-scale machine learning on heterogeneous distributed systems},
  author={Abadi, Mart{\'\i}n and Agarwal, Ashish and Barham, Paul and Brevdo, Eugene and Chen, Zhifeng and Citro, Craig and Corrado, Greg S and Davis, Andy and Dean, Jeffrey and Devin, Matthieu and others},
  journal={arXiv preprint arXiv:1603.04467},
  year={2016}
}

@misc{IEA_Nuclear_2022,
    title={Nuclear Power and Secure Energy Transitions},
    author={{IEA}},
    institution={IEA},
    url = {https://www.iea.org/reports/nuclear-power-and-secure-energy-transitions},
    note = "License: CC BY 4.0",
    year={2022}
}

@misc{eurostat_share_re_elec,
  title={Share of energy from renewable sources},
  author={{Eurostat}},
  howpublished = "\url{https://ec.europa.eu/eurostat/databrowser/view/NRG_IND_REN__custom_4442440/default/table?lang=en}",
  year={(Accessed April 2023)}
}

@article{Turati2017,
    author = {Turati, Pietro and Pedroni, Nicola and Zio, Enrico},
    journal = {Reliability Engineering and System Safety},
    pages = {317--330},
    publisher = {Elsevier},
    title = {{Simulation-based exploration of high-dimensional system models for identifying unexpected events}},
    volume = {165},
    year = {2017}
}

@misc{world_nuclear_asso,
    title={Economics of Nuclear Power},
    author={{World Nuclear Association}},
    institution={{World Nuclear Association}},
    url = {https://world-nuclear.org/information-library/economic-aspects/economics-of-nuclear-power.aspx},
    year={August 2022}
}

@article{pickering2022diversity,
  title={Diversity of options to eliminate fossil fuels and reach carbon neutrality across the entire European energy system},
  author={Pickering, Bryn and Lombardi, Francesco and Pfenninger, Stefan},
  journal={Joule},
  volume={6},
  number={6},
  pages={1253--1276},
  year={2022},
  publisher={Elsevier}
}

@article{coppitters2023optimizing,
  title={Optimizing upside variability and antifragility in renewable energy system design},
  author={Coppitters, Diederik and Contino, Francesco},
  journal={Scientific Reports},
  volume={13},
  number={1},
  pages={9138},
  year={2023},
  publisher={Nature Publishing Group UK London}
}

@misc{spf_economie_h2,
    title={Vision and strategy Hydrogen},
    author={{SPF Economie}},
    institution={SPF Economie},
    url = {https://economie.fgov.be/sites/default/files/Files/Energy/View-strategy-hydrogen.pdf},
    year={October 2022}
}

@article{keppo2010short,
  title={Short term decisions for long term problems--The effect of foresight on model based energy systems analysis},
  author={Keppo, Ilkka and Strubegger, Manfred},
  journal={Energy},
  volume={35},
  number={5},
  pages={2033--2042},
  year={2010},
  publisher={Elsevier}
}

@article{nyqvist2005limited,
  title={Limited foresight in a linear cost minimisation model of the global energy system},
  author={Nyqvist, B},
  journal={Gotherburg: Master’s Thesis in Complex Adaptive Systems, Physical Resource Theory, Chalmers University of Technology},
  year={2005}
}

@article{hedenus2006induced,
  title={Induced technological change in a limited foresight optimization model},
  author={Hedenus, Fredrik and Azar, Christian and Lindgren, Kristian},
  journal={The Energy Journal},
  number={Special Issue\# 1},
  year={2006},
  publisher={International Association for Energy Economics}
}

@article{krey2006vergleich,
  title={Vergleich kurz-und langfristig ausgerichteter Optimierungsans{\"a}tze mit einem multi-regionalen Energiesystemmodell unter Ber{\"u}cksichtigung stochastischer Parameter},
  author={Krey, Volker},
  year={2006}
}

@article{biresselioglu2018electric,
  title={Electric mobility in Europe: A comprehensive review of motivators and barriers in decision making processes},
  author={Biresselioglu, Mehmet Efe and Kaplan, Melike Demirbag and Yilmaz, Barbara Katharina},
  journal={Transportation Research Part A: Policy and Practice},
  volume={109},
  pages={1--13},
  year={2018},
  publisher={Elsevier}
}

@article{national2013transitions,
  title={Transitions to alternative vehicles and fuels},
  author={{National Research Council}},
  year={2013},
  journal={National Academies Press}
}

@article{ryberg2020downscaling,
  title={Downscaling the planetary boundaries in absolute environmental sustainability assessments--A review},
  author={Ryberg, Morten W and Andersen, Martin Marchman and Owsianiak, Miko{\l}aj and Hauschild, Michael Z},
  journal={Journal of cleaner production},
  volume={276},
  pages={123287},
  year={2020},
  publisher={Elsevier}
}

@article{richardson2023earth,
  title={Earth beyond six of nine planetary boundaries},
  author={Richardson, Katherine and Steffen, Will and Lucht, Wolfgang and Bendtsen, J{\o}rgen and Cornell, Sarah E and Donges, Jonathan F and Dr{\"u}ke, Markus and Fetzer, Ingo and Bala, Govindasamy and von Bloh, Werner and others},
  journal={Science advances},
  volume={9},
  number={37},
  pages={eadh2458},
  year={2023},
  publisher={American Association for the Advancement of Science}
}

@article{steffen2015planetary,
  title={Planetary boundaries: Guiding human development on a changing planet},
  author={Steffen, Will and Richardson, Katherine and Rockstr{\"o}m, Johan and Cornell, Sarah E and Fetzer, Ingo and Bennett, Elena M and Biggs, Reinette and Carpenter, Stephen R and De Vries, Wim and De Wit, Cynthia A and others},
  journal={Science},
  volume={347},
  number={6223},
  pages={1259855},
  year={2015},
  publisher={American Association for the Advancement of Science}
}

@article{rockstrom2009safe,
  title={A safe operating space for humanity},
  author={Rockstr{\"o}m, Johan and Steffen, Will and Noone, Kevin and Persson, {\AA}sa and Chapin, F Stuart and Lambin, Eric F and Lenton, Timothy M and Scheffer, Marten and Folke, Carl and Schellnhuber, Hans Joachim and others},
  journal={nature},
  volume={461},
  number={7263},
  pages={472--475},
  year={2009},
  publisher={Nature Publishing Group}
}

@article{hoff2017bringing,
  title={Bringing EU policy into line with the Planetary Boundaries},
  author={Hoff, Holger and Tiina, Häyhä and Sarah, Cornell and Paul, Lucas},
  year={2017},
  publisher={SEI, PBL Netherlands Environmental Assessment Agency and Stockholm Resilience Centre}
}

@article{o2018good,
  title={A good life for all within planetary boundaries},
  author={O’Neill, Daniel W and Fanning, Andrew L and Lamb, William F and Steinberger, Julia K},
  journal={Nature sustainability},
  volume={1},
  number={2},
  pages={88--95},
  year={2018},
  publisher={Nature Publishing Group UK London}
}

@article{ryberg2018bring,
  title={How to bring absolute sustainability into decision-making: an industry case study using a planetary boundary-based methodology},
  author={Ryberg, Morten W and Owsianiak, Miko{\l}aj and Clavreul, Julie and Mueller, Carina and Sim, Sarah and King, Henry and Hauschild, Michael Z},
  journal={Science of the Total Environment},
  volume={634},
  pages={1406--1416},
  year={2018},
  publisher={Elsevier}
}

@article{brejnrod2017absolute,
  title={The absolute environmental performance of buildings},
  author={Brejnrod, Kathrine Nykj{\ae}r and Kalbar, Pradip and Petersen, Steffen and Birkved, Morten},
  journal={Building and environment},
  volume={119},
  pages={87--98},
  year={2017},
  publisher={Elsevier}
}

@article{fanning2016tracking,
  title={Tracking resource use relative to planetary boundaries in a steady-state framework: A case study of Canada and Spain},
  author={Fanning, Andrew L and O'Neill, Daniel W},
  journal={Ecological indicators},
  volume={69},
  pages={836--849},
  year={2016},
  publisher={Elsevier}
}

@article{kuo2005lifting,
  title={Lifting the curse of dimensionality},
  author={Kuo, Frances Y and Sloan, Ian H},
  journal={Notices of the AMS},
  volume={52},
  number={11},
  pages={1320--1328},
  year={2005}
}

@article{Gabrielli2018,
author = {Gabrielli, Paolo and Gazzani, Matteo and Martelli, Emanuele and Mazzotti, Marco},
doi = {10.1016/j.apenergy.2017.12.070},
issn = {03062619},
journal = {Applied Energy},
number = {June},
pages = {720},
publisher = {Elsevier},
title = {{Corrigendum to “Optimal design of multi-energy systems with seasonal storage” [Appl. Energy (2017)]}},
volume = {212},
year = {2018}
}

@article{Despres2017,
author = {Despr{\'{e}}s, Jacques and Mima, Silvana and Kitous, Alban and Criqui, Patrick and Hadjsaid, Nouredine and Noirot, Isabelle},
doi = {10.1016/j.eneco.2016.03.006},
isbn = {0140-9883},
issn = {01409883},
journal = {Energy Economics},
pages = {638--650},
publisher = {Elsevier B.V.},
title = {{Storage as a flexibility option in power systems with high shares of variable renewable energy sources: a POLES-based analysis}},
volume = {64},
year = {2017}
}

@article{Nahmmacher2014,
  title={Carpe diem: A novel approach to select representative days for long-term power system modeling},
  author={Nahmmacher, Paul and Schmid, Eva and Hirth, Lion and Knopf, Brigitte},
  journal={Energy},
  volume={112},
  pages={430--442},
  year={2016},
  publisher={Elsevier}
}

@article{Kaufman2009,
abstract = {Un livre general sur le clustering.},
author = {Gentle, J. E. and Kaufman, L. and Rousseuw, P. J.},
booktitle = {Biometrics},
doi = {10.2307/2532178},
issn = {0006341X},
number = {2},
pages = {788},
journal = {John Wiley {\&} Sons},
title = {{Finding Groups in Data: An Introduction to Cluster Analysis.}},
volume = {47},
year = {2006}
}

@article{Park2009,
author = {Park, Hae Sang and Jun, Chi Hyuck},
doi = {10.1016/j.eswa.2008.01.039},
isbn = {0957-4174},
issn = {09574174},
journal = {Expert Systems with Applications},
number = {2 PART 2},
pages = {3336--3341},
publisher = {Elsevier Ltd},
title = {{A simple and fast algorithm for K-medoids clustering}},
volume = {36},
year = {2009}
}

@article{hotelling1933analysis,
  title={Analysis of a complex of statistical variables into principal components.},
  author={Hotelling, Harold},
  journal={Journal of educational psychology},
  volume={24},
  number={6},
  pages={417},
  year={1933},
  publisher={Warwick \& York}
}

@article{pearson1901on,
  title={On lines and planes of closest fit to systems of points in space.},
  author={Pearson, Karl},
  journal={The London, Edinburgh, and Dublin philosophical magazine and journal of science},
  volume={2},
  number={11},
  pages={559--572},
  year={1901},
  publisher={Taylor \& Francis}
}

@book{jolliffe2002principal,
  title={Principal component analysis for special types of data},
  author={Jolliffe, Ian T},
  year={2002},
  publisher={Springer}
}

@article{zdybal2022advancing,
  title={Advancing reacting flow simulations with data-driven models},
  author={Zdyba{\l}, Kamila and D'Alessio, Giuseppe and Aversano, Gianmarco and Malik, Mohammad Rafi and Coussement, Axel and Sutherland, James C and Parente, Alessandro},
  journal={arXiv preprint arXiv:2209.02051},
  year={2022}
}

@article{parente2013principal,
  title={Principal component analysis of turbulent combustion data: Data pre-processing and manifold sensitivity},
  author={Parente, Alessandro and Sutherland, James C},
  journal={Combustion and flame},
  volume={160},
  number={2},
  pages={340--350},
  year={2013},
  publisher={Elsevier}
}

@article{peerenboom2015dimension,
  title={Dimension reduction of non-equilibrium plasma kinetic models using principal component analysis},
  author={Peerenboom, Kim and Parente, Alessandro and Koz{\'a}k, Tom{\'a}{\v{s}} and Bogaerts, Annemie and Degrez, G{\'e}rard},
  journal={Plasma Sources Science and Technology},
  volume={24},
  number={2},
  pages={025004},
  year={2015},
  publisher={IOP Publishing}
}

@article{aguinis2013best,
  title={Best-practice recommendations for defining, identifying, and handling outliers},
  author={Aguinis, Herman and Gottfredson, Ryan K and Joo, Harry},
  journal={Organizational research methods},
  volume={16},
  number={2},
  pages={270--301},
  year={2013},
  publisher={Sage Publications Sage CA: Los Angeles, CA}
}

@article{stanimirova2007dealing,
  title={Dealing with missing values and outliers in principal component analysis},
  author={Stanimirova, Ivana and Daszykowski, M and Walczak, B},
  journal={Talanta},
  volume={72},
  number={1},
  pages={172--178},
  year={2007},
  publisher={Elsevier}
}

@article{cao2020reinforcement,
  title={Reinforcement learning and its applications in modern power and energy systems: A review},
  author={Cao, Di and Hu, Weihao and Zhao, Junbo and Zhang, Guozhou and Zhang, Bin and Liu, Zhou and Chen, Zhe and Blaabjerg, Frede},
  journal={Journal of modern power systems and clean energy},
  volume={8},
  number={6},
  pages={1029--1042},
  year={2020},
  publisher={SGEPRI}
}


@misc{davidsilver_RL_online,
  title={{RL Course by David Silver}},
  author={{David Silver}},
  howpublished = "\url{https://www.youtube.com/watch?v=2pWv7GOvuf0&list=PLzuuYNsE1EZAXYR4FJ75jcJseBmo4KQ9-}",
  year={2016}
}

@article{dekker2023identifying,
  title={Identifying energy model fingerprints in mitigation scenarios},
  author={Dekker, Mark M and Daioglou, Vassilis and Pietzcker, Robert and Rodrigues, Renato and de Boer, Harmen-Sytze and Dalla Longa, Francesco and Drouet, Laurent and Emmerling, Johannes and Fattahi, Amir and Fotiou, Theofano and others},
  journal={Nature Energy},
  volume={8},
  number={12},
  pages={1395--1404},
  year={2023},
  publisher={Nature Publishing Group UK London}
}

@techreport{Devogelaer2020,
author = {Devogelaer, Danielle},
title = {{Fuel for the future - More molecules or deep electrification of Belgium's energy system by 2050}},
institution={{Federal Planning Bureau}},
year = {2013}
}

@techreport{IEA2021,
author = {IEA},
title = {{Net Zero by 2050}},
institution={{IEA}},
year = {2021},
url = {https://www.iea.org/reports/net-zero-by-2050}
}

@techreport{IRENA2021,
author = {IRENA},
title = {{World Energy Transitions Outlook: 1.5°C Pathway}},
institution={{Internation Renewable Energy Agency}},
year = {2021},
url = {https://www.irena.org/publications/2021/Jun/World-Energy-Transitions-Outlook}
}

@techreport{Widuto2023,
author = {Widuto,Agnieszka},
title = {{Energy transition in the EU}},
institution={{ European Parliamentary Research Service}},
year = {2023},
url = {https://www.europarl.europa.eu/RegData/etudes/BRIE/2023/754623/EPRS_BRI(2023)754623_EN.pdf}
}

@techreport{IPCC2022,
author= {{IPCC}},
title = {{Climate Change 2022: Mitigation of Climate Change - Summary for Policymakers}},
institution = {{Intergovernmental Panel on Climate Change}},
year= {2022}
}

@article{lage2023citizens,
  title={Citizens call for sufficiency and regulation—A comparison of European citizen assemblies and National Energy and Climate Plans},
  author={Lage, Jonas and Thema, Johannes and Zell-Ziegler, Carina and Best, Benjamin and Cordroch, Luisa and Wiese, Frauke},
  journal={Energy Research \& Social Science},
  volume={104},
  pages={103254},
  year={2023},
  publisher={Elsevier}
}

@book{kaya1997environment,
  title={Environment, energy, and economy: strategies for sustainability},
  author={Kaya, Yoichi and Yokobori, Keiichi and others},
  volume={4},
  year={1997},
  publisher={United Nations University Press Tokyo}
}

@techreport{IPCC2000,
author= {{IPCC}},
title = {{Emissions Scenarios}},
institution = {{Intergovernmental Panel on Climate Change}},
year= {2000}
}

@article{dodson2020population,
  title={Population growth and climate change: Addressing the overlooked threat multiplier},
  author={Dodson, Jenna C and D{\'e}rer, Patr{\'\i}cia and Cafaro, Philip and G{\"o}tmark, Frank},
  journal={Science of the Total Environment},
  volume={748},
  pages={141346},
  year={2020},
  publisher={Elsevier}
}

@article{scovronick2017impact,
  title={Impact of population growth and population ethics on climate change mitigation policy},
  author={Scovronick, Noah and Budolfson, Mark B and Dennig, Francis and Fleurbaey, Marc and Siebert, Asher and Socolow, Robert H and Spears, Dean and Wagner, Fabian},
  journal={Proceedings of the National Academy of Sciences},
  volume={114},
  number={46},
  pages={12338--12343},
  year={2017},
  publisher={National Acad Sciences}
}

@article{schmidt2015interdisciplinary,
  title={Interdisciplinary energy research and energy consumption: what, why, and how?},
  author={Schmidt, Stephan and Weigt, Hannes},
  journal={Energy Research \& Social Science},
  volume={10},
  pages={206--219},
  year={2015},
  publisher={Elsevier}
}

@techreport{REDIII,
author= {{European Parliament}},
title = {{Directive (EU) 2023/2413 of the European Parliament and of the Council of 18 October 2023 amending Directive (EU) 2018/2001, Regulation (EU) 2018/1999 and Directive 98/70/EC as regards the promotion of energy from renewable sources, and repealing Council Directive (EU) 2015/652}},
institution = {{European Parliament}},
month={October},
year= {2023},
note={{Official Journal of the European Union 2413, 1-77}}
}

@article{SMRlesoir,
author={Padoan, Bernard},
title={{Nucléaire du futur : la Belgique va coopérer avec la Roumanie et l’Italie sur le développement de SMR}},
journal={Le Soir},
year={2023, 8th of November}
}

@misc{IAEA2008,
  title={{Competitiveness of Nuclear Energy: IAEA´s Perspective and Study Results for Europe}},
  author={{IAEA}},
  howpublished = "\url{https://sdgs.un.org/goals}",
  year={February 2018 (accessed February 16, 2024)}
}

@techreport{REPowerEU,
author= {{European Commission}},
title = {{REPowerEU Plan}},
institution = {{European Commission}},
month={May},
year= {2022}
}

@article{suna2016nuclear,
  title={Is nuclear economical in comparison to renewables?},
  author={Suna, Demet and Resch, Gustav},
  journal={Energy Policy},
  volume={98},
  pages={199--209},
  year={2016},
  publisher={Elsevier}
}

@article{khatib2016economics,
  title={Economics of nuclear and renewables},
  author={Khatib, Hisham and Difiglio, Carmine},
  journal={Energy Policy},
  volume={96},
  pages={740--750},
  year={2016},
  publisher={Elsevier}
}